3044 4968
368 529 424 586 tto
674 532 793 580 esaon.
808 531 888 578 carr.
903 531 944 574 ar
960 528 1036 574 Ara.

405 703 480 782 Quas
492 714 596 762 tamen
608 699 661 761 tali
674 698 741 781 lege
753 696 923 772 tenebitur,
939 705 976 756 ut
987 694 1013 754 si
1027 692 1076 756 vel
1090 711 1152 753 una
1164 692 1352 756 inferiorum

366 811 431 889 ejus
440 807 671 868 consonantium
682 805 715 864 in
727 804 850 864 nomine
861 801 992 874 virtutis,
1005 815 1071 878 quae
1078 796 1198 863 vocales
1208 801 1350 874 secrevit,

365 910 662 993 repertafuerit,pro
669 905 932 970 caetetisomnibus
942 916 1145 982 computetur,
1162 914 1192 962 et
1201 902 1288 984 quod
1298 917 1359 963 te«

365 1017 483 1098 tragoni
494 1017 539 1076 sui
551 1014 709 1095 superficie
720 1012 880 1093 superiori,
896 1008 955 1072 hoc
967 1009 1022 1068 iste
1028 1007 1182 1084 inferiori,
1195 1007 1228 1068 ib
1239 1019 1284 1068 est
1294 1007 1353 1068 ba-

366 1123 408 1197 si,
419 1141 491 1195 sua,
506 1117 734 1180 demonstrabit.
747 1113 812 1178 Nec
823 1117 995 1188 immerito,
1010 1114 1125 1193 quippe
1140 1132 1212 1172 cum
1225 1133 1348 1194 corpus,

367 1227 452 1303 cujus
465 1225 546 1296 istos,
561 1242 629 1303 quae
640 1217 871 1280 similitudinem
886 1215 946 1278 illis
959 1217 1068 1276 animae
1078 1215 1277 1296 figurantibus
1294 1237 1351 1278 re-

367 1327 499 1401 tineant,
515 1326 579 1386 sive
590 1322 720 1386 naturali
736 1324 954 1402 compositione
968 1321 1015 1381 sui
1028 1319 1170 1382 decenter
1183 1331 1325 1382 ornatum
1339 1365 1349 1398 ,

367 1450 422 1492 seu
434 1428 537 1510 aliqua
548 1431 687 1509 portione
697 1427 906 1501 diminutum,
922 1427 969 1484 sui
980 1435 1171 1485 monstruosa
1189 1423 1351 1503 superflui·

367 1544 428 1594 tate
452 1545 701 1615 augmentatum,
728 1533 869 1610 spiritum
889 1539 942 1589 aut
965 1529 1139 1609 integrum,
1161 1539 1215 1586 aut
1227 1525 1351 1588 nullum

368 1635 483 1698 habere
494 1635 650 1697 videaturs
662 1635 701 1694 Et
712 1656 748 1696 eo
759 1633 949 1708 discedente,
960 1630 1141 1706 bacinnum,
1154 1630 1235 1692 unde
1246 1653 1353 1713 sump-

368 1753 437 1801 tum
449 1751 512 1815 est,
528 1751 643 1820 repetat
663 1737 866 1814 elementum,
882 1736 934 1798 ille
947 1749 1114 1798 revertatur
1129 1735 1167 1797 ad
1181 1735 1353 1799 Dominum

369 1847 424 1928 qui
434 1844 519 1906 dedit
529 1843 619 1906 illtun
630 1850 640 1921 (
653 1849 666 1905 1
681 1850 701 1920 ).
715 1843 764 1906 Sic
778 1846 918 1924 projectis
932 1837 1025 1904 simul
1039 1863 1162 1904 emanu
1180 1841 1267 1904 cubis
1279 1863 1353 1904 cnm

369 1950 541 2034 triangulo,
568 1971 736 2031 eorumque
765 1947 941 2031 singillatim
959 1948 1055 2010 literis
1075 1949 1255 2030 perspectis,
1276 1967 1353 2008 mox

369 2055 588 2118 recurrendum
603 2059 660 2118 erit
673 2055 713 2117 ad
734 2057 902 2138 marginem
930 2075 1073 2116 numeros
1093 2074 1165 2114 cum
1188 2051 1354 2116 virtutibus

369 2164 583 2224 continentem.
598 2161 775 2243 Eodemque
786 2173 821 2222 ut
831 2159 990 2242 praelatum
1001 2172 1063 2234 cst,
1075 2158 1287 2220 discretionem
1298 2179 1355 2220 ro·

370 2265 427 2327 cali
442 2270 495 2328 uni
511 2267 650 2328 similiter
668 2269 824 2347 tripartitae
848 2277 991 2346 reperto,
1018 2266 1164 2326 virtutem
1177 2283 1242 2346 quae
1255 2262 1355 2326 latero

369 2369 513 2446 habebit,
525 2382 629 2432 notare
639 2369 804 2432 debemus:
817 2368 996 2452 vocalesque
1007 2368 1108 2445 illius,
1123 2365 1353 2450 apparentibus,

370 2477 395 2535 si
406 2475 559 2552 valemus,
575 2496 757 2556 componere
771 2474 948 2551 vocalibus,
964 2486 995 2536 et
1015 2477 1057 2536 ita
1080 2476 1245 2555 privatim,
1264 2493 1355 2534 com-

370 2593 456 2662 potes
470 2583 534 2662 ejus
556 2601 639 2656 esse,
663 2594 698 2642 ut
710 2601 798 2662 pares
818 2581 978 2644 nobiscum
996 2579 1136 2642 ludentes
1157 2599 1354 2660 nequaquam

371 2683 500 2746 eandem
523 2685 649 2748 ulterius
673 2688 705 2747 in
730 2684 839 2747 eodem
863 2685 937 2747 ludo
962 2683 1020 2746 sibi
1042 2683 1163 2746 valeant
1186 2681 1350 2745 vindicare.

371 2787 439 2850 Tali
454 2792 561 2872 utique
575 2790 790 2872 disceptatione
803 2793 937 2853 vicissim
951 2788 1129 2852 alternando
1156 2787 1355 2872 gyrandoque

367 2895 520 2974 jocantes,
545 2897 671 2956 virtutes
691 2916 797 2956 omnes
818 2895 949 2957 sortibus
974 2896 1153 2976 partiantur.
1179 2892 1218 2954 Et
1241 2896 1267 2954 si
1290 2912 1354 2954 non

370 3018 456 3079 aequa
469 2998 554 3059 leuce
568 3011 676 3060 mutuo
687 2998 884 3075 dividuntur,
899 2999 934 3061 hi
945 3003 999 3082 qui
1015 2999 1135 3064 selune
1149 3001 1261 3062 caeteris
1283 3019 1355 3061 am-

370 3101 452 3184 plius
464 3124 554 3184 super
569 3103 811 3182 abundaverint,
833 3105 1026 3186 prelaturam
1040 3108 1073 3167 in
1087 3108 1200 3166 caeteris
1214 3106 1272 3168 sibi
1286 3130 1356 3172 ees-

371 3211 442 3270 sisse
454 3208 614 3291 gaudeant.
632 3209 678 3270 Ita
691 3210 869 3288 dumtaxat,
885 3223 920 3273 ut
934 3212 1061 3285 caritas,
1076 3231 1144 3292 qnae
1157 3214 1279 3293 gemina
1289 3226 1353 3292 est,

370 3315 396 3394 si
423 3316 609 3395 oportuerit,
636 3337 692 3395 pro
717 3315 836 3402 duabus
860 3328 1052 3397 computetur
1076 3315 1261 3393 virtutibus,
1286 3339 1356 3399 quae

369 3423 462 3482 etiam
472 3422 513 3483 ob
524 3425 614 3484 unius
623 3421 835 3484 tantummodo
846 3422 952 3484 littam
962 3421 1094 3504 eclypsin
1108 3467 1116 3496 ,
1131 3445 1162 3497 1,
1176 3433 1206 3483 et
1229 3444 1257 3482 s.
1282 3421 1357 3486 bina

370 3538 439 3606 post
463 3529 595 3604 primam
619 3529 808 3586 examinetur
830 3529 1035 3607 proiectione,
1062 3527 1147 3608 quod
1169 3526 1208 3588 de
1243 3530 1358 3590 certeris

370 3630 556 3691 omnimodis
570 3632 635 3691 fieri
651 3629 835 3693 inhibemus.
851 3630 891 3692 Et
905 3654 1000 3714 usque
1013 3631 1053 3693 ad
1066 3633 1174 3694 horam
1189 3633 1272 3694 illius
1288 3633 1355 3695 diei

370 3747 506 3811 sextam,
524 3739 758 3812 eminentiores,
774 3737 932 3798 inferiores
946 3741 991 3798 sui
1007 3735 1172 3820 discipulos
1185 3749 1331 3800 vocantes
1346 3785 1356 3814 ,

370 3840 496 3902 suadere
511 3840 687 3922 debebunt,
703 3855 737 3904 ut
750 3845 876 3905 virtutes
889 3863 957 3924 quae
968 3845 1010 3905 eis
1025 3855 1103 3904 sorte
1118 3841 1248 3920 desunt,
1265 3841 1359 3904 bonis

405 4067 456 4134 (l)
475 4067 583 4130 sceler,
607 4068 660 4130 ll,
680 4070 707 4120 ¹1.
727 4067 835 4138 Spiritus
848 4069 933 4122 redeat
950 4069 987 4121 nd
1007 4069 1088 4122 Deam
1100 4071 1145 4139 qni
1156 4067 1226 4121 dedii
1235 4067 1320 4120 illrrnr.
