3088 4968
993 487 1325 501 Q

353 535 390 592 12
652 537 771 582 CHRON.
791 535 869 582 (ΞΛΜ.
888 537 931 582 ΕΤ
950 537 1025 582 Ant.

350 698 512 797 populus
526 695 575 768 ad
589 694 725 768 Christi
740 694 852 768 fidem
869 721 934 795 per
951 697 1101 770 beatum
1118 700 1328 796 Remigium

351 822 577 892 convortitur
604 833 641 890 et
671 818 898 916 baptizatur,
925 822 1018 892 sicut
1037 821 1130 892 inibi
1143 821 1325 917 legimus,

349 940 414 1012 sed
427 944 550 1040 potius
563 966 629 1038 per
638 939 789 1010 beatum
799 939 998 1012 Vedastum
1011 941 1207 1014 credimus.
1224 943 1256 1010 N
1260 967 1329 1012 un·

350 1088 464 1159 quam
478 1066 578 1135 enim
593 1076 761 1134 sanctum
775 1063 983 1158 Remigium
1000 1065 1039 1133 in
1061 1065 1192 1135 nostris
1209 1065 1328 1161 parti-

349 1183 419 1256 bus
436 1185 591 1257 verbum
612 1186 681 1256 Dei
701 1183 842 1282 populo
864 1182 1077 1281 praedicasse
1095 1183 1324 1256 audivimus:

349 1304 412 1376 sed
435 1305 481 1378 ab
508 1306 571 1378 illo
598 1321 635 1378 et
656 1334 677 1377 a
717 1332 799 1402 rege
828 1309 972 1377 noviter
998 1306 1202 1405 baptizat0‚
1238 1305 1330 1380 huio

350 1442 483 1500 nostrae
502 1429 588 1500 urbi
609 1427 657 1502 ad
672 1426 958 1500 convertendum
977 1442 1123 1526 gentem
1144 1427 1326 1500 directum

350 1551 500 1628 beatum
532 1550 730 1624 vedastum
767 1554 1031 1646 cognovimus3
1069 1579 1183 1650 quare
1218 1551 1327 1624 illum

351 1671 463 1773 hujus
477 1677 613 1773 negotii
631 1687 818 1749 auctorem
831 1671 1026 1746 credimus.

693 1915 854 2097 (dap.
915 1972 978 2054 r.

443 2247 569 2290 §Imm
592 2245 772 2285 nonnosum
795 2245 833 2282 ET
856 2245 966 2284 omnes
989 2242 1227 2288 misrrumum

726 2321 945 2363 mammon.

350 2525 487 2633 loiron
501 2559 679 2657 propositi
693 2558 812 2655 operis
826 2559 919 2628 ratio
937 2561 1046 2656 exigit
1059 2572 1179 2657 patres
1193 2560 1328 2628 utrius-

350 2705 422 2780 que
459 2678 552 2751 sedis
581 2679 675 2776 stylo
706 2681 899 2778 prosequi,
936 2680 994 2754 vel
1022 2680 1156 2778 quibus
1186 2681 1251 2778 qui
1280 2677 1328 2749 ad

353 2801 564 2901 pontificale
594 2802 728 2873 solium
758 2827 970 2875 successere.
1002 2805 1116 2873 Porro
1144 2799 1208 2872 has
1238 2799 1329 2870 duas

352 2921 460 2994 fuisse
489 2937 621 2995 matres
641 2924 799 2996 ccclesiae
821 2923 921 2996 sedes
947 2937 1122 2996 certares
1148 2935 1218 3013 est,
1245 2947 1329 3019 quoe

354 3069 455 3117 nunc
464 3050 574 3118 unius
588 3049 740 3145 pastoris
753 3045 1004 3118 moderamine
1016 3060 1214 3143 reguntur,
1227 3041 1331 3143 quod

334 3167 457 3270 ¹facile
476 3195 519 3240 ex
535 3167 843 3266 descriptionibus
859 3170 1026 3264 Dionysii
1048 3193 1153 3267 papae
1168 3189 1331 3267 perpen-

353 3288 478 3382 ditur,
510 3293 575 3390 qui
608 3292 786 3362 universis
817 3293 1016 3389 provinciis
1043 3289 1202 3387 singulas
1229 3283 1331 3358 sedes

353 3417 512 3514 propriis
526 3415 691 3485 terminis
708 3411 879 3486 discrevit
897 3441 905 3482 :
923 3415 1015 3485 sicut
1030 3415 1140 3482 etiam
1157 3412 1331 3482 Hincma-

353 3537 614 3632 ruscpiscopus
628 3533 667 3602 in
685 3535 758 3603 suis
772 3531 1030 3604 librisdiffinit.
1048 3535 1168 3630 (Hinc.
1182 3529 1326 3628 epist&
1415 3557 1419 3566 ·

353 3682 384 3726 c.
404 3655 479 3752 18.)
495 3656 566 3726 Has
581 3651 672 3724 duas
685 3652 785 3727 sedes
797 3654 924 3726 beatus
935 3653 1129 3746 Vednstus,
1145 3655 1234 3753 quia
1251 3665 1333 3750 post

355 3776 684 3868 totinfestationes,
701 3801 790 3874 quas
798 3775 976 3868 diximus,
990 3791 1025 3846 et
1034 3774 1170 3848 dicturi
1183 3799 1330 3864 sumus,

355 3902 560 4000 plurimum
589 3911 743 3972 vastatas
774 3901 927 3998 reperit,
954 3899 1022 3969 sub
1053 3922 1130 3968 uno
1154 3897 1333 3993 regimine

356 4021 535 4096 cohibuit.
552 4027 599 4096 At
618 4047 705 4097 vero
726 4024 864 4122 primos
879 4047 1005 4095 earum
1026 4033 1145 4120 potres
1160 4015 1331 4120 quaedam
