2924 4964
382 581 437 638 346
670 587 777 635 noras
802 587 888 634 nter.
914 589 956 632 nr
981 587 1065 634 narra.

382 755 583 818 miserationis
593 765 742 835 respectu,
751 751 790 815 ad
802 752 1043 816 hocuniversalis
1053 755 1178 818 ecclesie
1185 777 1346 820 curamsrs-

381 861 532 942 ecepimus
540 855 733 940 etapostolici
741 856 959 920 moderaminis
967 857 1206 922 sollicitudinem
1213 864 1344 944 gerimus,

379 976 414 1028 ut
431 965 518 1046 justis
538 965 730 1044 precantium
743 966 822 1025 rotis
841 963 999 1027 lavamus
1021 978 1053 1026 et
1071 977 1177 1026 nostro
1197 965 1345 1028 libramine

380 1071 457 1130 car-is
481 1067 627 1129 omnibus
640 1069 673 1128 in
697 1069 871 1128 necessitate
895 1069 1015 1149 positis,
1039 1081 1191 1150 quantum
1211 1069 1277 1132 Deo
1296 1069 1346 1130 do·

379 1187 469 1236 nante
484 1193 661 1255 possumus3
677 1171 839 1235 subvenire
863 1173 1040 1236 debeamus.
1053 1173 1189 1236 Proinde
1198 1177 1283 1254 jrrxta
1291 1195 1347 1256 per·

379 1291 578 1342 sonamtuam
589 1276 712 1338 ecclesie
726 1275 807 1342 beati
821 1277 972 1354 lutberti,
983 1277 1161 1358 hujusmodi
1175 1277 1346 1361 privilegio,

379 1386 625 1466 auctoritatisque
639 1395 741 1445 nostre
753 1382 875 1444 decreto
883 1382 1091 1465 indulgemus,
1108 1383 1301 1446 concedimus
1309 1397 1347 1443 at-

380 1511 440 1571 que
458 1491 633 1567 firmamus,
657 1499 819 1551 statuentes
834 1487 957 1550 nullutn
977 1509 1185 1550 successorum
1210 1503 1344 1563 tuorum,

381 1595 503 1659 nullum
514 1617 637 1677 quoque
648 1594 794 1676 dignitate
808 1593 987 1674 preditum,
1010 1593 1059 1656 rel
1073 1615 1234 1676 quemque
1244 1593 1346 1667 alium,

379 1699 417 1762 de
435 1699 484 1762 his
501 1721 561 1781 que
578 1699 678 1782 eidem
691 1698 860 1762 venerabili
873 1698 959 1774 loco,
977 1711 1058 1775 ate,
1081 1698 1131 1762 rel
1144 1704 1163 1760 a
1174 1697 1350 1781 quibuslibet

377 1803 556 1866 homiuibus
567 1803 606 1866 de
616 1804 740 1884 proprio
748 1805 815 1884 jure
824 1806 888 1884 jam
898 1803 1011 1866 donata
1020 1805 1096 1880 sint,
1105 1802 1155 1866 vel
1165 1805 1199 1864 in
1210 1803 1347 1876 sumnus,

378 1909 444 1973 Deo
456 1913 634 1987 miserante,
650 1909 741 1970 allata
755 1909 887 1986 luerint,
899 1908 960 1971 'suh
972 1909 1134 1990 cujuslibet
1145 1929 1256 1986 cause,
1274 1929 1350 1975 orsa-

378 2021 509 2082 sionisve
516 2021 761 2102 speeie'minuere
771 2019 822 2082 rel
831 2018 962 2096 auferre,
973 2039 1009 2080 ac
1019 2021 1081 2080 suis
1093 2018 1201 2080 usibus
1209 2017 1349 2101 applicare

378 2137 432 2186 aut
450 2125 520 2188 aliis
538 2123 711 2186 concedere.
735 2123 797 2188 Sed
814 2138 920 2188 concta
940 2145 1001 2206 que
1015 2124 1117 2188 oblata
1138 2137 1232 2200 sunt,
1251 2123 1298 2186 rel
1314 2119 1350 2184 ih'

380 2231 481 2293 offerri
506 2233 714 2312 contigerunt,
736 2231 886 2313 perhenni
910 2239 1048 2314 temporis
1069 2233 1186 2316 integra
1207 2255 1228 2295 a
1249 2230 1352 2293 clericis

377 2336 438 2398 loci
453 2337 536 2400 illius
552 2350 583 2398 et
596 2337 660 2398 sine
677 2336 889 2419 inquietudine
907 2336 1056 2410 volumus,
1071 2337 1242 2419 possideri,
1258 2355 1351 2399 eorum

379 2444 506 2526 quidem
513 2441 629 2520 usibus,
638 2464 695 2525 pro
705 2463 832 2505 suorum
840 2447 1056 2504 sustentatione
1065 2443 1349 2525 gubernationeque,

379 2561 518 2610 concessa
533 2562 619 2624 sunt,
636 2547 735 2610 modis
745 2548 888 2609 omnibus
895 2548 1064 2628 profutura.
1082 2547 1147 2610 llec
1157 2551 1253 2631 igitur
1261 2547 1351 2608 omnia

379 2675 439 2736 que
447 2653 539 2733 hujus
546 2653 672 2735 predicti
684 2653 857 2734 decretique
871 2655 966 2714 nostri
973 2655 1083 2735 pagina
1093 2649 1352 2716 continettaurtihi

379 2783 474 2844 quam
488 2763 600 2822 conctis
614 2761 668 2841 qui
682 2759 740 2820 tibi
754 2760 950 2820 successerint
960 2761 996 2819 in
1012 2764 1198 2841 perpetuum
1215 2755 1352 2822 servando

379 2863 624 2936 decernimus.jsi
636 2865 704 2944 quis
718 2884 791 2926 vcro
803 2863 1027 2945 episcoporum,
1042 2876 1096 2924 aut
1110 2857 1353 2940 clericorumve!

379 2979 563 3042 secularium
576 2995 775 3058 personarum
785 2974 864 3036 hanc
875 2971 1096 3038 constitutionis
1107 2989 1209 3039 nostre
1220 2979 1352 3060 paginam

379 3107 529 3170 agnocens
550 3082 756 3144 contravenire
773 3075 985 3163 temptaverit,
999 3083 1154 3162 potestatis
1175 3083 1352 3160 honorisque

379 3191 523 3275 dignitate
539 3197 655 3263 careat,
671 3207 822 3269 reumque
838 3207 870 3249 se
883 3187 989 3250 divino
1004 3187 1118 3268 judicio
1134 3187 1174 3249 ‹le
1190 3197 1353 3270 perpetrata

380 3297 540 3378 iniquitate
555 3305 729 3375 cognoscat,
752 3305 783 3351 et
799 3293 933 3374 nisique
950 3289 990 3352 ab
1007 3290 1061 3352 illo
1075 3305 1145 3354 sunt
1162 3289 1244 3353 male
1262 3287 1353 3350 ablata

380 3404 534 3478 restituat,
550 3421 569 3460 a
584 3399 771 3459 sanctissimo
795 3417 921 3477 corpore
938 3418 973 3456 ac
988 3399 1132 3480 sanguine
1144 3395 1202 3458 Dei
1215 3398 1351 3474 Domini,

379 3506 580 3586 redemptoris
589 3507 693 3580 nostri,
703 3501 775 3563 Jesu
784 3501 906 3578 Christi,
919 3501 1106 3578 alienusfiat‚
1118 3517 1211 3584 atque
1218 3507 1250 3564 in
1258 3519 1353 3566 eterno

380 3615 520 3675 examine
535 3611 668 3674 districte
686 3609 796 3672 ultioni
817 3603 977 3689 subjaceat.
1000 3608 1120 3670 Conctis
1139 3623 1243 3671 autem
1261 3610 1353 3672 eidem

378 3715 446 3778 loco
460 3720 538 3797 justa
553 3715 740 3778 servanubns
755 3719 792 3776 sit
806 3736 866 3796 pax
879 3714 1005 3775 Domini
1020 3718 1127 3790 nostri,
1140 3713 1213 3776 Iesu
1227 3715 1351 3787 Christi,

378 3837 413 3886 ut
427 3821 478 3883 hic
489 3817 713 3884 sructum'bone
729 3818 855 3882 actionis
870 3820 1033 3900 recipiant,
1048 3832 1078 3880 et
1090 3818 1174 3900 apud
1189 3819 1353 3882 hecnam

376 3930 511 4012 juilicem
521 3925 639 4009 premia
651 3939 752 3987 eterne
766 3927 848 4006 pacis
860 3927 1025 3986 inveniant.
1073 3924 1076 3930 ’

383 4055 390 4068 ·
418 4034 531 4095 Datum
542 4031 705 4107 Lacetanis,
717 4027 1054 4106 kalendnsnovemhris,
1070 4049 1126 4110 per
1140 4049 1249 4091 manus
1255 4029 1350 4102 Petri,

378 4151 478 4201 sancte
484 4157 609 4198 romane
620 4136 743 4198 ecclesie
751 4135 917 4219 presbyteri
927 4133 1087 4195 cardinalis
1097 4155 1133 4195 ac
1142 4133 1348 4197 bibliotecarii.

380 4242 468 4308 Anno
481 4226 527 4306 ii’n
544 4242 735 4326 pontificatus
746 4239 853 4307 domni
867 4239 1004 4324 Gregorii
1016 4263 1075 4322 vn,
1090 4239 1184 4324 Pape.
