3044 4968
500 563 597 610 Isim
617 561 745 608 Pffllifl.
1057 551 1115 606 lid

137 731 303 828 Praesa'ga
327 725 512 828 siquidem
539 737 663 798 mente
688 717 1014 820 suspicatusquod
1030 743 1118 795 mox

136 852 191 924 rei
222 849 403 951 probavit·
427 860 594 922 eventus.
624 845 717 915 Nam
737 844 880 940 aliquot
892 856 975 942 post
985 841 1116 918 dicbus

137 971 368 1072 interlapsis,
388 993 488 1042 anno
510 965 681 1040 videlicet
699 962 745 1035 ab
764 964 1017 1034 incarnatione
1035 965 1117 1036 Do-

137 1093 236 1164 mini
254 1113 525 1183 nccccnrn,v111
555 1086 639 1162 idus
671 1083 825 1183 aprilis,
857 1085 927 1184 ipsi
953 1085 1118 1182 Hungari

136 1213 373 1312 promptiore
383 1211 526 1310 impetn
536 1207 768 1284 bellatoriam
779 1203 1013 1305 disciplinam
1024 1230 1121 1306 prce-

137 1331 321 1424 ferentes,
341 1331 432 1406 huic
449 1331 534 1406 urbi
553 1328 797 1420 advolarunt,
820 1325 1022 1428 triduoque
1044 1331 1120 1403 im-

141 1456 301 1547 morati,
318 1457 427 1529 totius
445 1455 588 1556 generis
607 1465 746 1551 pestem
762 1447 976 1522 ediderunt.
992 1453 1121 1551 Siqui-

140 1574 231 1650 dem
245 1579 391 1670 nostris,
404 1579 493 1675 quia
505 1574 700 1658 adversum
715 1585 769 1645 tot
778 1585 883 1645 erant
896 1574 1121 1671 paucissimi,

140 1699 243 1774 intra
262 1712 343 1770 tuta
366 1721 567 1816 murorum
580 1696 753 1795 receptis,
776 1691 991 1766 suburbana
1011 1695 1124 1770 nullis

142 1820 395 1898 resistentibus
409 1821 575 1897 adurunt
588 1817 764 1912 aedificia,
781 1817 965 1919 diripiunt
985 1821 1124 1893 civium

140 1945 387 2044 patrimonia,
404 1942 566 2043 denique
584 1945 770 2042 prosperis
783 1935 1005 2016 successibus
1018 1943 1120 2036 lasti,

145 2062 268 2140 studia
300 2064 420 2164 praelii
452 2063 725 2137 munitionibus
760 2061 863 2132 urbis
901 2059 1124 2158 advertunt,

148 2198 402 2286 tentantesqne
419 2185 687 2284 irruptionem,
704 2182 837 2254 uostris
852 2193 975 2254 tamen
995 2185 1128 2260 acriter

149 2304 442 2400 defensantibus,
471 2309 626 2380 minime
650 2303 865 2406 proficiunt.
888 2307 1018 2405 ltaque
1040 2305 1129 2380 fati·

152 2433 245 2529 gati,
259 2457 336 2505 uon
352 2431 486 2532 procul
502 2429 550 2504 ab
567 2429 662 2504 urbe
673 2429 753 2502 lixis
768 2431 952 2522 tentoriis,
967 2432 1008 2502 in
1020 2417 1129 2532 prata

151 2550 320 2628 videlicet
351 2555 458 2652 juxta
493 2551 617 2626 Scalth
647 2551 807 2627 fluvium
844 2549 1126 2653 concedebant,

151 2675 292 2776 quiete,
311 2675 471 2774 ciboque
493 2673 670 2768 curandi,
694 2673 849 2774 posthac
870 2674 974 2747 urbis
988 2677 1130 2752 excidio

152 2799 346 2872 reversuri.
366 2798 450 2870 Non
465 2821 731 2898 usquequaque
744 2811 869 2868 tamen
885 2799 1002 2870 nostri
1022 2801 1131 2876 otiosi

151 2916 272 3012 fuere,
291 2943 362 2992 nec
377 2919 498 2994 inulta
510 2921 667 2994 civitatis
688 2921 843 2992 omniuo
861 2917 1131 3023 passi'dispen-

152 3037 229 3116 dia.
246 3041 321 3114 Ubi
339 3044 441 3114 euim
464 3040 630 3116 hostibus
649 3041 847 3141 paululum
870 3046 1041 3138 remotis,
1062 3069 1132 3120 ue-

154 3178 280 3263 potem
293 3167 456 3264 regium,
473 3168 579 3265 cujus
594 3189 731 3238 nomen
750 3161 903 3256 excidit,
928 3167 1052 3238 virum
1072 3169 1134 3241 vi-
1162 3161 1163 3166 ’

157 3282 290 3358 delicet
315 3285 453 3360 bellicis
482 3288 624 3360 artibus
645 3284 869 3385 praeditum,
893 3309 980 3356 cum
1008 3291 1134 3384 paucis

117 3497 122 3506 ι
156 3407 392 3484 norinimum
407 3406 579 3483 incedere
600 3406 648 3480 de
662 3407 777 3478 muris
791 3405 1036 3504 prospiciunt.
1051 3409 1136 3484 Mox

154 3525 306 3629 quidem
318 3529 414 3625 Odo,
432 3533 491 3606 vir
508 3532 601 3604 acris
616 3527 759 3604 consilii
780 3540 818 3600 et
833 3541 957 3602 mente
977 3554 1136 3635 promp-

152 3655 243 3746 tior,
261 3656 449 3728 sociorum
466 3653 610 3754 aliquot
626 3651 861 3745 audaciores,
878 3651 1015 3752 quibus
1032 3655 1137 3733 affec·

152 3788 212 3848 tus
227 3777 358 3877 patriae
378 3777 497 3850 ruinae
512 3789 769 3876 contemptum
785 3778 914 3850 mortis
933 3777 1135 3874 infuderat,

150 3893 258 3996 legit,
285 3895 513 4000 hostemque¹
527 3902 568 3970 in
588 3895 866 3998 compendiario
891 3901 1137 3999 interceptum

152 4021 323 4114 tramite,
341 4020 464 4098 subito
496 4035 783 4124 persequuntur.
803 4021 876 4115 Qui
897 4019 1138 4098 circumfusus
