2932 4974
466 507 559 608 mmir
583 564 758 612 summos.
1045 561 1102 620 est

116 649 152 664 q

114 727 336 818 Ursmaros,
364 752 478 826 supra
509 728 652 800 dietum
669 735 932 806 monasterium
947 759 1101 831 regens,

112 850 255 944 saepius
276 850 493 953 accersivit,
523 847 695 948 diemque
712 875 787 922 suae
809 855 1009 928 vocationis
1026 856 1104 926 ime

112 971 265 1041 minere
279 968 506 1064 intelligens,
524 961 647 1067 ipsum
660 983 840 1044 rectorem
860 975 1100 1062 monasterii,

111 1091 309 1190 officiique
338 1092 395 1161 sui
427 1105 509 1188 post
527 1115 565 1162 se
584 1115 782 1190 supparem
806 1105 842 1164 et
860 1093 1099 1184 ministrum,

110 1213 413 1312 pontificemque
426 1210 573 1309 delegit.
596 1215 640 1284 lu
656 1213 847 1286 functione
869 1214 983 1312 igitur
1002 1216 1102 1288 vica-

109 1336 172 1406 ria
191 1335 413 1439 subrogatus
427 1347 545 1406 totum
558 1359 594 1406 se
611 1336 650 1408 iu
674 1332 809 1408 divinis
830 1334 990 1408 cultibus
1007 1361 1102 1442 pro-

109 1457 273 1553 pensius
288 1458 531 1554 mancipavit,
547 1458 677 1555 suique
699 1459 862 1553 magistri
880 1457 1000 1532 forma
1018 1460 1100 1532 ins-

111 1590 283 1668 truetur,
309 1576 356 1650 de
377 1577 524 1650 creditis
546 1579 616 1678 sibi
636 1579 768 1653 ovibus
788 1604 917 1652 curam
948 1580 1100 1656 sollicite

111 1702 241 1797 gessit.
249 1698 346 1772 Illud
358 1701 468 1772 etiam
486 1687 669 1799 praedium
679 1727 790 1774 suum
802 1675 902 1775 Eroti
917 1705 957 1774 in
972 1702 1098 1776 usibus

109 1821 278 1896 fratrum
307 1820 493 1921 expendit.
515 1827 715 1922 Postquam
736 1849 824 1898 vero
837 1825 948 1898 ambo
968 1823 1017 1896 ad
1037 1850 1099 1896 re-

115 1946 416 2022 munerationem
428 1946 566 2033 vocati,
584 1947 706 2044 primo
721 1943 874 2042 quidem
888 1947 929 2016 B.
946 1945 1098 2018 Ursma-

115 2089 198 2158 rus,
219 2063 308 2138 dein
324 2068 383 2138 vir
394 2065 466 2138 Dei
489 2067 683 2156 Erminus,
704 2069 745 2136 in
763 2069 841 2163 jam
864 2065 963 2140 diota
982 2090 1100 2164 paro·

105 2184 232 2258 achiali
250 2187 403 2262 ecelesia
433 2186 607 2258 tumulati
635 2185 808 2276 fuissent,
842 2199 897 2262 tot
924 2199 961 2258 et
991 2189 1115 2264 tantis·

118 2308 384 2382 munificentiis
413 2308 515 2382 loeus
544 2309 607 2384 ille
634 2306 814 2402 donatur,
845 2323 889 2384 ut
913 2306 1099 2386 modernis

118 2431 369 2530 temporibus,
397 2433 621 2512 monasterio
639 2432 757 2525 laeto,
780 2433 949 2508 canonici
969 2433 1098 2508 mitte-
1202 2503 1205 2518 ‚

117 2567 259 2628 rentur.

393 2743 550 2926 illut).
604 2803 828 2880 xxvrn.

265 3065 304 3108 D!
312 3065 415 3108 ΙθΜΙ
422 3066 610 3112 (Ἆπῑηῠῦθ.
626 3070 664 3110 D!
677 3069 804 3126 GBHM.
821 3071 945 3116 alet-tm.
1070 3109 1075 3116 .

119 3251 172 3364 lu
185 3293 277 3368 villa
293 3293 512 3384 Castrilooo,
529 3294 605 3370 duo
620 3317 771 3394 quoque
781 3299 1003 3386 monasteria
1020 3296 1094 3370 ha-

71 3443 75 3454 *
117 3411 273 3508 hemor,
289 3441 409 3488 unum
426 3415 578 3515 quidem
594 3415 823 3514 puellarum,
840 3413 941 3515 quod
952 3417 1095 3489 S.Wal-

117 3533 302 3630 detrudis,
332 3541 495 3636 conjunx
511 3538 694 3636 praelibati
709 3541 745 3610 S.
762 3540 967 3632 Vincentii,
984 3553 1094 3638 atque

117 3683 219 3732 soror
233 3664 273 3732 B.
290 3658 536 3758 Aldegundis,
559 3658 767 3736 aedificavit.
792 3664 887 3732 Cum
911 3665 1011 3734 euim
1037 3665 1095 3736 vir

118 3803 219 3860 suus.
229 3786 270 3854 B.
299 3785 536 3876 Vincentius,
568 3783 696 3856 relicto
714 3782 847 3856 mundi
869 3785 1091 3881 naufragio,

117 3909 327 3979 monasterii
343 3920 492 4004 portum
508 3890 710 4003 expetierit,
720 3907 798 4004 ipsa
815 3931 978 4005 quoque,
995 3903 1094 3976 divi-

116 4049 163 4100 na
180 4028 376 4104 elementia
396 4031 616 4130 inspirante,
637 4029 776 4104 calcare
794 4027 972 4102 saeculum
995 4027 1093 4098 aesti-
