2932 4974
331 527 1310 566 ΜΨ-,ῌΗΜ

330 593 389 652 eso
627 589 747 644 ennon.
767 593 846 640 cass.
865 595 907 644 ss
927 587 1003 637 sm.

1110 675 1317 698 ...ιη-...σι’

329 769 365 838 S.
385 764 537 838 Martini
559 761 727 850 ecclesia,
750 772 844 830 tnnc
861 755 909 828 sd
928 779 1106 854 praesens,
1127 769 1165 828 et
1182 769 1315 854 postea

330 887 456 959 multis
486 879 817 986 praeconizantibus
853 876 1066 968 miraculis,
1106 881 1239 977 quanti
1276 892 1316 951 et

330 1009 448 1108 qualis
465 1009 586 1080 meriti
609 1006 798 1094 extitisset,
824 1003 1014 1100 apparuit,
1036 1013 1081 1071 ut
1100 998 1313 1098 plenissime

330 1132 369 1201 in
384 1129 481 1202 libro
494 1154 569 1202 suae
586 1121 763 1226 passionis
776 1121 975 1221 reperitur,
998 1120 1109 1195 'Unde
1132 1123 1313 1195 attonitus

270 1241 276 1252 ’
328 1251 499 1349 princeps
531 1248 689 1345 regionis
723 1243 1069 1335 Kenio-Martellus,
1102 1267 1172 1343 pro
1193 1241 1315 1314 salute

330 1373 484 1461 animae,
500 1369 553 1440 'de
572 1371 652 1465 ipso
673 1366 761 1439 fisco
778 1366 1078 1456 valentianense,
1103 1375 1141 1435 et
1162 1362 1209 1435 de
1230 1362 1314 1434 aliis

330 1483 576 1564 'rebuslocum
591 1489 860 1586 augmentavit,
882 1500 1147 1586 sumptumque
1168 1487 1314 1584 stipena

333 1611 494 1697 diarium
512 1611 715 1711 deputans,
730 1609 931 1682 'canonicos
945 1608 1147 1682 constituit.

394 1847 395 1852 Ν
460 1891 501 1899 “
638 1828 806 2011 OEttp.
859 1879 1010 1959 xxn.

644 2119 646 2126 ’
710 2123 749 2164 m
774 2121 938 2164 MARECLHS.

338 2296 515 2416 Seuerus
532 2359 681 2436 quoque
694 2336 753 2407 vir
765 2334 834 2406 Dei
851 2316 1107 2424 Huntbertus,
1120 2337 1322 2408 sanctitate

337 2460 573 2556 conspicuus,
589 2471 626 2529 et
642 2481 718 2528 non
733 2453 878 2528 modice
895 2453 1112 2553 praediatus,
1130 2481 1173 2528 ex
1193 2459 1319 2554 patria

336 2576 581 2650 Laudunense
611 2575 814 2667 decedens,
844 2577 884 2648 in
921 2577 1009 2650 villa
1037 2577 1227 2651 Mnreclias
1253 2577 1320 2651 io-

337 2725 423 2774 cum
449 2725 525 2772 suoe
545 2713 678 2774 sanctes
700 2701 985 2773 conversationis
1005 2700 1131 2798 elegit3
1154 2699 1316 2799 ibique,

337 2823 517 2898 derebus
546 2825 707 2924 propriis
731 2823 962 2932 ettpraediis,
985 2825 1251 2895 monasterium
1274 2827 1319 2896 in

337 2947 621 3020 venerationes.
637 2945 705 3016 Dei
719 2946 918 3041 genitricis,
936 2957 972 3016 et
983 2957 1194 3018 sanctornm
1207 2967 1321 3044 apos-

338 3067 500 3142 tolorum
521 3069 620 3140 Petri
640 3081 677 3140 et
705 3066 837 3159 Pauli,
868 3066 1067 3167 apostolica
1094 3068 1320 3140 auctoritate

338 3193 550 3263 construxit.
575 3189 742 3289 Illucque
758 3187 933 3262 fratribus
953 3188 1001 3261 ad
1028 3187 1317 3262 deserviendum

338 3313 498 3402 statutis,
518 3312 593 3410 ipse
608 3314 720 3384 etiam
736 3312 900 3383 Domino
921 3313 1102 3397 serviens,
1128 3311 1319 3384 virtutum

337 3435 447 3532 signis
470 3447 508 3506 et
531 3429 728 3524 doctrinae,
754 3435 912 3532 vitaeque
931 3435 1170 3522 meritissatis
1193 3433 1323 3506 clanis

338 3556 505 3644 emicuit,
534 3553 661 3651 ibique
686 3552 852 3627 laborem
878 3553 989 3653 hujus
1016 3555 1100 3628 vitae
1137 3579 1324 3628 consum-

216 3710 221 3728 ι
338 3697 459 3767 mans,
475 3675 639 3774 sepultus
656 3678 695 3746 in
710 3699 800 3774 pace
813 3679 979 3776 quiescit.
1005 3680 1109 3751 Hanc
1123 3675 1321 3778 ¹siquidem

336 3793 522 3870 abbatiam
536 3799 679 3897 primus
692 3800 777 3871 Otto
794 3800 1014 3897 imperator,
1037 3803 1200 3873 Heinrici
1219 3803 1323 3898 regis

337 3917 456 4012 filius,
474 3933 518 3991 ut
530 3921 570 3994 in
584 3923 707 4020 primo
719 3919 816 3994 libro
831 3921 941 3995 latius
962 3920 1196 4021 digessimus,
1218 3935 1325 3996 tem·-

337 4059 427 4137 pore
440 4041 607 4116 Fulberti
619 4044 780 4142 episcopi
794 4039 1005 4124 habendam
1019 4039 1173 4120 tradidit
1192 4045 1228 4117 S.
1248 4046 1324 4118 Dei

338 4165 464 4234 matris
481 4163 638 4239 ecclesiae
654 4165 984 4259 Carmracensium.
