3044 4968
388 561 444 617 sss
683 567 801 614 onnon.
819 565 898 613 osu.
920 565 962 610 nr
981 565 1058 610 Ara.
1090 619 1098 632 ,

385 738 502 828 sium,
520 735 716 808 novissime
734 757 822 807 vero
836 745 956 833 partes
974 732 1200 804 Parisiorum
1220 729 1370 808 diversa

385 871 486 959 peste
503 859 669 931 vastavit.
685 858 849 930 Paternis
866 867 989 927 tamen
1012 853 1179 928 moribus
1199 857 1371 930 instruo-

387 992 465 1072 tus,
486 981 650 1054 ecelesias
667 979 891 1072 observavit,
913 980 1028 1051 immo
1050 980 1162 1052 etiam
1176 978 1369 1078 opulentis

385 1103 604 1178 muneribus
617 1103 735 1176 ditare
749 1105 872 1202 potius
889 1103 1094 1176 aestimavit.
1111 1099 1257 1174 Deinde
1275 1125 1370 1176 vero

386 1224 435 1298 ad
455 1223 708 1326 pompandam
728 1227 891 1300 victoriae
911 1249 987 1297 suae
1001 1224 1184 1323 gloriam,
1212 1226 1369 1323 Hugoni

386 1349 454 1448 qui·
474 1351 632 1422 Parisius
652 1347 854 1442 residebat,
880 1363 953 1449 per‘
969 1347 1191 1444 legationem
1212 1341 1369 1418 denun-

386 1473 511 1564 cians,
545 1469 648 1571 quod
677 1473 716 1544 in
745 1485 886 1544 tantam
921 1469 1186 1542 sublimitatem
1215 1466 1368 1542 alleluia

388 1593 523 1669 faceret
536 1597 571 1668 ei
583 1594 788 1688 decantari,
806 1598 845 1667 in
861 1606 1000 1694 quanta
1016 1617 1093 1663 non
1106 1589 1284 1680 audierit,
1299 1615 1368 1664 ao-

389 1719 470 1792 oitis
486 1743 599 1818 quam
614 1718 785 1818 pluribus
799 1717 950 1820 clericis,
968 1717 1144 1790 Alleluia.
1169 1719 1216 1787 Te
1229 1722 1370 1811 marty·

388 1868 487 1931 mm,
519 1846 558 1914 in
586 1843 670 1916 loeo
697 1845 762 1941 qui
793 1841 930 1915 dieitur
946 1843 1049 1913 Mons
1076 1853 1293 1936 anonymos,
1324 1841 1368 1912 in

390 1979 536 2038 tantum
550 1967 653 2038 elatis
665 1965 816 2040 vocibus
831 1963 1019 2038 decantari
1033 1963 1227 2062 praeoepit,
1251 1977 1294 2034 ut
1306 1977 1370 2034 at-

389 2089 515 2160 tonitis
533 2086 684 2161 auribus
711 2090 787 2189 ipse
808 2089 917 2185 Ilugo
940 2098 978 2160 et
998 2085 1119 2158 omnis
1140 2085 1369 2158 Parisiorum

388 2211 493 2311 plebs
508 2214 718 2286 miraretur.

671 2439 831 2623 disp.
888 2491 1080 2569 exvrr.

384 2739 439 2796 'ml
447 2753 613 2798 lam-lm!
622 2755 763 2798 ΟΠΟΝΕΙΙ
775 2755 967 2806 lussovium,
976 2755 1029 2796 881>
1037 2755 1138 2798 ΑΣΟΝΛ
1147 2757 1256 2799 nmo
1264 2759 1370 2801 hwa}

637 2834 806 2883 ῦῦΙΙΙΝΤΙ,
822 2833 922 2876 PUGM
938 2835 1115 2876 mmm.

294 3091 301 3102 ⁴
388 3040 483 3178 θυι
497 3097 583 3148 oum
591 3071 1003 3148 satisexhaustaultione
1014 3101 1217 3175 congruam
1230 3079 1372 3151 vicissi-

386 3199 557 3273 tudinem
570 3223 607 3272 se
621 3196 830 3298 rependisse
843 3213 1012 3298 putaret,
1028 3199 1075 3272 ad
1087 3199 1243 3274 hiberna
1256 3225 1370 3301 opor·

386 3339 462 3399 tere
478 3349 516 3397 se
532 3307 732 3397 eonoedere
739 3337 853 3416 ratus,
871 3320 959 3394 inde
970 3323 1257 3397 simulrevoeato
1270 3325 1374 3423 equi

386 3463 486 3541 tatu,
506 3451 603 3522 cirea
619 3447 852 3520 festivitatem
872 3449 907 3518 S.
929 3443 1104 3540 Andreae,
1129 3449 1207 3546 jam
1231 3444 1371 3545 hyeme

385 3571 586 3661 subeunte,
602 3567 763 3641 reditum
781 3567 980 3670 disposuit,
996 3595 1238 3670 remensoque
1253 3573 1372 3644 itine-

386 3691 556 3785 re,bono
563 3715 727 3765 successu
734 3689 1372 3794 gestarumrerumgaudens,super

385 3821 551 3890 Axonam
567 3813 726 3888 fluvium
739 3829 856 3888 eastra
870 3818 1000 3888 metari
1017 3819 1206 3916 proecepit·
1223 3815 1296 3890 Sed
1315 3832 1371 3892 ta-

385 3965 472 4014 men
487 3940 575 4040 quia
590 3940 657 4011 iste
670 3937 826 4030 fluvius,
844 3939 873 4011 si
891 3937 1043 4038 quando
1063 3939 1199 4012 imbres
1213 3942 1370 4014 innum-

385 4060 496 4160 bant,
514 4064 554 4136 in
569 4075 715 4137 tantum
728 4065 929 4138 excreseere
943 4059 1052 4156 solet,
1070 4075 1114 4134 ut
1134 4061 1274 4162 absque
1294 4089 1372 4138 na-
