2906 4970
460 569 553 616 amun
567 569 717 618 renatus.
1019 567 1077 619 m

103 730 362 806 vermandensi
376 735 502 806 comiti
513 785 523 825 ,
536 731 640 805 fratri
656 731 832 808 videlicet·
847 732 990 808 Ottonis
1010 743 1077 838 qui

102 876 203 926 nunc
218 868 288 947 cst,
298 855 458 954 dignam
471 851 622 952 quidem
637 872 936 955 recompensante
950 858 1080 936 divina

101 975 313 1070 clementia,
329 975 520 1071 accidisse,
535 978 584 1050 D.
603 980 775 1078 episcopo
797 994 988 1074 narrante,
1010 999 1077 1056 co-‘

101 1099 318 1193 gnosimus,
334 1099 507 1172 nolumus
523 1102 727 1198 praeterire.
747 1103 816 1173 Hic
831 1103 1008 1174 nimirum
1024 1129 1079 1176 co·

101 1244 177 1292 mes
207 1224 312 1293 omni
336 1222 486 1294 malitiae
505 1220 671 1314 deditus,
694 1221 858 1296 officium
874 1224 1013 1324 linguae
1037 1229 1077 1297 in

100 1339 348 1436 detractione,
366 1347 405 1415 in
419 1347 608 1442 perjuriis,
631 1346 671 1416 in
691 1345 930 1437 scurrilitate,
952 1346 1015 1419 sed
1040 1361 1077 1420 ct

99 1465 141 1534 in
164 1467 268 1535 omni
286 1491 417 1562 genere
440 1468 629 1564 pravitatis
662 1469 835 1538 exercuit.
851 1467 961 1560 Quod
990 1495 1076 1543 cum

101 1583 168 1656 diu
191 1584 349 1679 fecisset,
368 1591 467 1685 justo
490 1591 558 1660 Dei
573 1585 720 1686 ‘judicio
746 1587 898 1662 tandem
919 1595 1022 1688 gravi
1042 1607 1077 1664 et

102 1707 325 1788 intolerabili
343 1709 520 1807 languore
550 1735 759 1808 percussus,
781 1735 910 1809 poenas
928 1713 1018 1806 luit,
1041 1729 1077 1790 et

104 1855 143 1902 cx
157 1829 447 1904 consideratione
459 1855 612 1908 suorum
635 1831 812 1905 scelerum
833 1839 1075 1931 perterritus,

105 1954 183 2052 (pie
196 1952 379 2052 siquidem
393 1968 568 2032 monente
583 1953 768 2026 monacho
781 1955 994 2048 Walerano,
1012 1961 1078 2055 qui

105 2087 192 2149 tunc
207 2076 276 2150 snb
292 2076 498 2166 Richardo,
512 2073 645 2146 abbate
664 2079 874 2147 monasterii
893 2081 928 2148 S.
950 2080 1081 2150 Hane·-

106 2197 236 2292 gundis
252 2203 582 2299 praeposituserat,
606 2223 707 2270 nunc
728 2209 870 2290 autem,
893 2199 972 2270 Deo
995 2225 1082 2298 gra*

109 2321 190 2414 tias,
206 2321 298 2394 boni
313 2323 512 2396 testimonii
526 2320 660 2418 abbas)
678 2320 804 2394 falsam
823 2323 1082 2420 poenitentiam

108 2441 246 2537 induit,
277 2457 403 2543 postea
430 2443 499 2517 sub
528 2441 737 2532 monachali
761 2441 891 2516 habitu
920 2445 1082 2518 Domino

109 2569 318 2639 serviturus.
334 2571 454 2640 Tonso
472 2569 584 2664 igitur
608 2567 745 2665 capite,
762 2581 949 2666 assumpto
972 2567 1083 2640 habi-

110 2699 166 2780 tu,
191 2715 234 2762 ex
258 2689 322 2760 illa
342 2687 556 2760 infirmitate
580 2687 845 2786 aliquantisper
875 2689 1081 2782 convaluit,

110 2832 265 2910 moxque
286 2812 470 2882 ‘instinctu
504 2807 668 2900 diaboli,
704 2812 765 2880 cui
797 2821 894 2881 totus
925 2807 1085 2882 inhaesa
1123 2843 1133 2860 ·

110 2945 180 3024 rat,
199 2931 362 3031 relapsus
375 2931 424 3005 ad
438 2933 639 3022 vomitum,
656 2929 809 3004 consilio
822 2933 968 3024 matris,
990 2932 1087 3004 alio-

111 3075 266 3154 rumque
282 3054 468 3126 sautorum
489 3055 553 3152 qui
568 3051 639 3126 hoc
653 3079 738 3124 cum
752 3079 820 3152 per
833 3057 1014 3126 insaniam
1029 3054 1086 3126 fc-

113 3177 194 3248 cisse
208 3175 396 3267 dicebant,
406 3176 555 3247 militari
571 3173 766 3270 chlamyde
781 3177 914 3246 iterum
922 3189 1084 3275 sumpta,

113 3300 267 3371 mutavit
280 3297 478 3372 cucullam.
495 3297 623 3366 Statim
635 3319 723 3366 vcro
734 3297 869 3364 iterum
883 3297 1088 3370 inevitabili

114 3417 241 3490 morbo
263 3420 482 3517 corripitur,
506 3429 542 3487 et
565 3429 608 3486 ut
628 3413 740 3512 digna
769 3416 907 3486 meritis
929 3419 1002 3487 suis
1027 3443 1089 3489 re-

112 3544 360 3641 compensatio
373 3537 546 3613 omnibus
560 3549 771 3636 appareret,
788 3534 916 3636 lingua
931 3541 1009 3638 ejus
1029 3537 1105 3622 dis

116 3653 199 3736 rin'o
227 3667 313 3764 igne
338 3661 680 3761 succendireperta
700 3674 765 3734 cst.
792 3663 862 3733 Cui
889 3688 975 3736 cum
998 3663 1091 3737 bora

112 3789 250 3860 mitum
267 3799 500 3878 maturasset,
517 3785 620 3858 stulti
637 3787 805 3858 canonici
824 3809 957 3886 corpus
971 3790 1094 3860 Domi·
1183 3785 1193 3798 ⁸

114 3911 155 3979 ni
167 3908 394 3983 detulerunt.
413 3908 523 4002 Quod
544 3935 630 3983 cum
654 3922 846 4008 gustasset,
870 3935 955 3982 mox
975 3914 1014 3979 in
1035 3909 1092 3980 his

118 4033 234 4106 verbis
249 4034 435 4106 ultissimis
451 4029 1033 4131 spiritumexhalavit-«Ferrum,
1045 4033 1094 4102 in·
