2902 4972
378 558 436 614 390
758 563 828 608 arr.
853 561 987 615 Aurana
1129 513 1335 530 —.....

351 835 353 840 Ι
379 735 444 832 qui
459 731 719 829 confugerant,
736 729 944 806 furentibus
964 729 1124 822 flammis
1139 732 1335 830 augustiati,

377 856 525 928 nullum
540 854 664 952 effugii
679 852 822 934 aditum
835 853 1025 946 habentes,
1035 854 1205 935 fortiores
1216 856 1338 954 quique

378 981 571 1078 utriusque
588 1003 709 1068 sexus,
725 977 787 1050 alii
801 1003 868 1076 per
882 1003 1035 1061 murum
1052 977 1236 1058 exilientes
1249 976 1337 1050 calti-
1420 995 1421 1090 t

254 1093 261 1109 '
377 1101 447 1183 bus
461 1100 680 1180 evadebant.
695 1101 795 1172 Alios
810 1124 897 1172 vero
911 1097 1036 1174 videas
1055 1099 1105 1174 de
1122 1125 1231 1176 muro
1252 1123 1336 1198 prae·
1420 1123 1421 1192 r

379 1227 523 1324 cipites‚
540 1227 715 1324 quassatis
739 1224 934 1318 membris,
958 1226 1018 1298 vix
1034 1249 1138 1324 posse
1152 1246 1334 1320 resurgere.

377 1348 450 1422 Alii
466 1361 612 1438 autem,
629 1346 669 1422 id
686 1361 738 1418 est
754 1347 881 1445 pueri,
899 1370 1083 1444 nusquam
1099 1341 1268 1446 progredi
1280 1368 1335 1416 va·

375 1469 503 1562 lentes,
520 1467 583 1542 sed
596 1482 780 1570 romutuo
795 1465 1135 1565 complectentee(o
1148 1462 1334 1540 miserabile
1420 1451 1421 1518 i

377 1590 476 1666 visu!
485 1593 499 1688 )
527 1589 719 1689 usquead
746 1586 963 1682 duodecim,
992 1615 1070 1662 uno
1097 1592 1136 1665 iu
1166 1590 1265 1680 loeo,
1292 1589 1334 1660 ita

376 1729 462 1788 sunt
473 1716 558 1812 igne
573 1713 753 1804 devorati,
765 1725 822 1802 ut,
844 1738 962 1810 quum
977 1725 1101 1812 postea
1116 1714 1334 1813 requireren-

375 1851 455 1932 tur,
469 1840 529 1912 vix
545 1851 689 1910 tautum
706 1837 841 1934 capita,
851 1837 1331 1934 etgroseioraeorumossare·

374 1961 604 2058 perirentur3
620 1984 663 2032 ac
678 1961 717 2032 in
731 1983 813 2034 vase
830 1983 906 2034 uno
923 1957 1065 2053 delata,
1082 1962 1122 2033 in
1145 1961 1237 2034 atrio
1258 1980 1333 2032 not-

373 2095 431 2156 tro
446 2083 688 2183 sepeliuntur.

674 2348 836 2538 dap,
892 2395 1040 2473 xvir.

370 2726 408 2766 uu
416 2724 749 2771 reeunounmroerrr
758 2726 840 2768 amu
852 2729 890 2768 mr
905 2727 1003 2770 ruem.
1015 2729 1053 2769 mr
1065 2725 1331 2774 commoreremur.

701 2805 752 2846 mu
770 2805 855 2845 ourre
870 2805 1019 2846 remeare.
1420 2797 1421 2806 ¹

373 3017 504 3132 Anm
531 3049 677 3156 itaque,
700 3081 811 3157 quem
838 3059 1077 3157 praepositum
1102 3073 1139 3132 et
1160 3054 1328 3132 custodem

372 3180 482 3252 turris
499 3182 730 3280 praepositus,
746 3203 849 3253 socer
865 3181 1194 3280 ejus‚Hierusalem
1205 3179 1324 3264 adiens,

371 3301 602 3398 praefecerat,
620 3316 722 3376 tauto
743 3301 956 3375 discrimine
977 3305 1167 3402 praesentis
1188 3295 1327 3376 incendii

371 3436 408 3495 et
422 3422 563 3496 hostilis
577 3428 694 3522 gentis
709 3427 811 3524 (nam
826 3438 862 3498 et
876 3438 1018 3498 armata
1035 3451 1166 3500 manue
1186 3425 1326 3500 hostium

375 3546 592 3618 circumiens
607 3546 776 3645 urgebat)
792 3545 919 3620 videns
934 3545 1029 3619 nihil
1042 3548 1110 3622 sibi
1122 3551 1199 3648 jam
1215 3567 1327 3646 super-
1420 3599 1421 3626 t

371 3690 462 3758 esse,
478 3694 554 3766 quo
568 3669 704 3744 scilicet
717 3669 875 3744 Gerardi
890 3669 1031 3750 viribus
1048 3671 1106 3746 vel
1122 3673 1256 3746 artibus
1272 3691 1327 3742 va-

371 3787 461 3862 leret
489 3792 671 3904 resistere,
701 3793 797 3870 facto
828 3806 937 3894 paeto
969 3794 1084 3881 libere
1111 3787 1324 3895 egrediendi,

240 4011 247 4022 Ι
370 3915 503 3988 turrim
522 3914 698 3990 reddidit.
718 3919 849 4018 stoque
867 3917 1054 4024 Gerardus
1076 3919 1179 4020 quod
1203 3935 1326 4016 semper

369 4037 465 4116 male
479 4037 707 4118 affectaverat
719 4040 1051 4144 pessimepossedir.
1068 4044 1141 4138 Qui
1156 4045 1230 4124 voti
1244 4061 1326 4115 com·
