3044 4968
678 542 798 590 CHRON.
814 539 894 588 GU·
916 539 959 586 n
975 537 1052 586 An.

377 711 604 804 belvacensi,
638 707 687 782 ad
716 707 934 807 petitionem
967 700 1142 776 Adventii
1169 702 1371 777 Mettensis'

378 851 416 912 et
434 833 581 908 Arnulfi
601 831 782 906 Tulleosis
806 831 1065 928 episcoporum
1086 823 1251 926 ejusdem
1271 827 1366 896 Toe-

378 959 530 1059 vireosia
544 955 761 1045 dioeceseos,
780 954 946 1042 miserat,
965 947 1169 1024 informans
1188 971 1250 1020 eos
1266 971 1362 1046 quo·
1381 977 1390 990 ’

380 1081 493 1156 modo
507 1079 548 1152 id
568 1083 638 1152 rite
657 1079 738 1152 fieri
753 1075 925 1164 deberet,
942 1073 1120 1154 oensuiua
1137 1069 1365 1170 apostolica-

380 1231 453 1305 que
479 1204 721 1316 auctoritate,
756 1213 800 1272 ut
825 1197 935 1274 sacris
966 1194 1127 1294 regulis,
1159 1193 1264 1268 nulla
1293 1207 1365 1270 aot

380 1327 621 1427 negligentia,
640 1338 705 1398 aut
722 1305 1012 1423 praesumptione
1031 1320 1072 1390 in
1091 1317 1216 1418 aliquo
1237 1315 1366 1392 disee-

357 1449 523 1526 dorent.
620 1493 629 1514 ι

726 1664 884 1845 dap.
957 1715 1032 1788 m

392 1971 522 2012 mim
540 1971 662 2014 ΙΒΙΙΠΔ
682 1965 828 2014 mmm
846 1966 1068 2012 ΠΜΗΒΩΟΙΙ
1085 1971 1125 2012 AB
1143 1969 1170 2012 lt.
1190 1967 1357 2012 δθΙΔΝΝΙΙ.

382 2149 522 2279 Huic,
544 2181 652 2258 idest
676 2183 725 2256 D.
750 2179 914 2256 iohanni
932 2183 1203 2274 cameracensi,
1223 2181 1365 2280 petenti
1414 2221 1422 2228 -

385 2305 701 2380 commendatitias
729 2301 810 2376 dari
840 2303 910 2378 sibi
933 2307 1089 2380 Romam
1118 2301 1363 2406 proficiscenti

307 2407 309 2416 ¹
383 2428 540 2521 litteras,
559 2455 602 2502 ex
618 2431 769 2502 nomine
784 2429 833 2502 Ι).
858 2429 1049 2504 Hincmari
1068 2427 1232 2502 Adriano
1252 2451 1360 2528 papae

385 2549 608 2644 offerendas,
632 2551 824 2626 rescribite
843 2550 947 2652 quod
966 2537 996 2648 si
1015 2550 1230 2626 redditurus
1250 2549 1361 2624 eusse-

385 2677 518 2775 quium
541 2678 698 2768 Caesari,
732 2679 887 2749 Romam
920 2674 1010 2748 velit
1033 2677 1085 2748 ita
1112 2695 1290 2774 pergere,
1320 2686 1363 2746 ut

386 2797 562 2898 obsequio
579 2800 658 2872 Deo
680 2797 825 2890 debito,
856 2799 1005 2870 Caesaris
1030 2799 1257 2870 contrarium
1285 2821 1361 2870 non

385 2935 475 2992 esset
494 2921 732 3021 obsequium,
762 2897 955 2994 canonicas
981 2919 1139 2994 libenter
1169 2924 1203 2992 ei
1224 2916 1362 2994 litteras

384 3043 575 3116 tribueret.
604 3045 667 3116 Sin
684 3057 808 3116 autem
830 3021 899 3144 pro
930 3070 1038 3120 causa
1057 3043 1223 3117 Lotbarii
1240 3045 1359 3141 regis,
1396 3121 1408 3134 ,

383 3191 468 3266 quae
497 3169 700 3240 intersum
723 3181 761 3240 et
786 3164 1070 3266 ipsinsuxorem
1091 3167 1158 3240 diu
1186 3165 1362 3241 ventilata
1462 3145 1472 3155 ⁸

383 3289 523 3386 fuerat,
554 3295 732 3392 quoniam
747 3290 1065 3365 commendatitias
1080 3295 1121 3367 in
1136 3287 1362 3364 haeredare

382 3415 519 3488 litteras
545 3439 620 3487 non
643 3413 808 3508 valebat,
837 3411 1141 3514 reprehensibiles
1165 3411 1253 3487 dare
1283 3435 1361 3486 non

382 3537 536 3629 audeat,
552 3540 640 3634 quia
659 3563 727 3611 nec
742 3537 874 3610 debeat
893 3565 902 3609 t
919 3541 1122 3638 prasertim
1139 3563 1224 3612 cum
1240 3561 1362 3637 nuper

382 3659 430 3730 D.
449 3655 633 3732 Adrianus
648 3659 786 3733 litteras
803 3661 836 3734 ei
862 3685 939 3734 suae
961 3664 1188 3735 auctoritatis
1204 3684 1272 3761 per
1293 3659 1363 3733 Ac-

381 3777 531 3856 tardum
566 3775 855 3858 Namnetensem
878 3787 1093 3886 episcopum
1121 3783 1280 3878 miserit,
1319 3787 1362 3857 in

382 3907 518 4007 quibus
547 3903 826 4005 significaverit,
859 3933 896 3982 se
922 3911 1233 4009 certaminaque
1259 3905 1363 3982 sedes

381 4015 580 4128 apostolica
594 4055 663 4132 per
679 4045 919 4107 antecessores
933 4057 1042 4126 suos,
1066 4031 1307 4108 benedictum
1323 4041 1364 4110 et
