2906 4970
513 607 608 652 IMR
625 606 775 654 marma.

442 835 611 1018 (dap,
665 879 827 958 nxvr.

152 1130 246 1178 nuso,
254 1127 457 1172 (imnum
470 1129 529 1170 ³ss
540 1127 658 1170 ΔὩΕΡΤΑ
667 1155 675 1175 s
684 1125 935 1170 »mantuanus
943 1127 1140 1176 mmmm!

181 1210 308 1252 ΙΔΠΤΙΔ
322 1209 462 1252 mantola
474 1209 534 1254 nott
547 1209 616 1256 m.
631 1208 758 1260 IDEOQUE
770 1209 810 1251 ΑΒ
826 1207 968 1251 saltuoso
981 1209 1134 1254 wiom-

181 1287 320 1333 mmm.

152 1460 327 1574 lavenna
341 1502 451 1600 Hugo
464 1502 694 1577 castellatura
710 1501 887 1595 donatus,
913 1515 1018 1576 aetate
1040 1525 1136 1603 pro-

154 1619 324 1714 ficiebat,
362 1637 581 1726 tempusque
611 1628 822 1726 proximum
849 1623 1025 1718 instabat,
1060 1649 1137 1723 quo

154 1744 324 1818 Ansellus
348 1747 527 1845 regimine
559 1751 638 1847 ejus
660 1772 803 1839 carere,
825 1760 863 1819 et
888 1748 965 1846 ipse
991 1746 1137 1820 bonum

154 1889 266 1938 suum
279 1870 442 1966 recipere
451 1867 628 1942 debebat.
637 1873 753 1942 Porro
765 1868 913 1942 Amello
926 1869 1139 1964 videbatur-5

156 1990 246 2089 quia
258 1989 307 2062 ad
319 1989 519 2089 regendam
533 1992 801 2066 castellaturam
810 1993 958 2090 juvenis
971 1992 1033 2064 ille
1044 2018 1137 2066 non·

158 2109 250 2183 dum
277 2127 367 2185 esset
394 2111 570 2206 idoneus,
602 2111 761 2212 ideoque
787 2112 970 2210 protelare
991 2111 1139 2187 volebat

156 2233 332 2307 custodiae
348 2260 424 2308 suae
440 2235 622 2326 officium,
646 2236 676 2306 si
696 2234 767 2307 sibi
789 2236 1019 2332 permitteret
1039 2237 1138 2334 epis·-

158 2355 365 2457 copus.Sed
376 2355 1139 2458 quamvispontifexdeimperfectioncHu-

156 2479 1137 2581 gonisidipsumsentiretcumAnsello,nolebattamen

156 2603 280 2700 ipsum
289 2600 454 2676 fraudari
464 2629 486 2676 a
498 2603 653 2704 paefiuiti
667 2603 842 2704 temporis
855 2605 992 2702 spatio,
1002 2618 1137 2704 putans

153 2727 332 2824 juvenem
347 2751 413 2824 per
426 2724 658 2826 disciplinam
675 2751 780 2799 suam
797 2724 846 2798 ad
860 2729 1022 2799 veritatis
1036 2731 1136 2801 viam

157 2871 262 2947 posse
276 2849 492 2942 revocari,si
506 2853 678 2924 caecitatis
691 2874 766 2922 suae
780 2850 989 2948 ignorantia
1002 2875 1023 2923 a
1038 2865 1138 2924 recto

158 2969 373 3045 deviaverit.
390 2975 448 3046 Sic
463 2975 515 3046 sic
527 2973 695 3047 Ansellus
711 2972 922 3046 nullatenus
940 2976 1138 3075 impetrare

157 3093 294 3186 valuit,
316 3119 424 3194 prece
441 3095 500 3170 vel
521 3099 660 3194 pretio,
683 3097 777 3193 quin
798 3097 846 3166 Η.
868 3097 1138 3176 castellaturam

157 3240 264 3289 suam
281 3239 357 3289 non
370 3220 549 3316 reciperet
564 3219 605 3289 in
619 3216 679 3290 die
691 3239 773 3289 suo.
789 3213 935 3314 Adepto
947 3219 1072 3316 itaque
1086 3222 1135 3292 H.

159 3333 313 3410 honoris
330 3339 386 3410 sui
411 3336 684 3436 gubernaculo,
707 3336 886 3408 continuo
907 3335 1031 3434 palam
1053 3338 1139 3413 fecit

159 3458 333 3533 omnibus
350 3456 454 3558 quod
471 3456 667 3532 claudebat
685 3457 878 3530 inanimo.
901 3463 1019 3531 Antea
1037 3462 1138 3534 enim

159 3581 351 3681 quomodo
381 3608 467 3654 eum
498 3607 754 3682 cognosceres,
783 3605 869 3656 cum
897 3579 1139 3682 prohiberent

157 3703 267 3776 simul
284 3717 388 3796 setas,
409 3717 528 3777 metus
547 3719 584 3777 et
602 3707 795 3804 magister?
814 3703 927 3778 Modo
956 3731 1043 3779 vero
1062 3732 1138 3782 suae

158 3829 347 3926 potestatis
363 3850 533 3926 compos,
552 3830 665 3900 totius
687 3829 884 3925 magisterii
910 3841 948 3902 et
968 3826 1138 3928 discipli-

159 3973 218 4022 nae
244 3963 494 4050 contemptor,
522 3950 649 4050 fasque
675 3949 849 4050 nefasque
879 3947 1110 4025 confundens
1125 3979 1140 4044 ,¹

159 4085 243 4169 post
269 4074 466 4172 pravitates
485 4070 605 4148 cordia
628 4077 685 4148 sui
706 4087 743 4150 et
761 4073 907 4147 illicitas
933 4069 1139 4173 voluptates
