2906 4970
426 595 470 641 nn
492 594 612 642 ennon.
632 597 723 642 rnen.
1010 585 1074 644 aaa·

96 764 154 834 ciis
167 761 300 836 saeculo
314 763 592 853 renunciantes,
615 759 668 832 ibi
688 759 757 832 sub
780 784 910 832 norma
931 772 1066 834 sanotae

96 885 273 982 religionis
286 883 530 958 confluerent.
545 886 625 956 Hoc
639 885 764 982 itaque
778 883 992 956 coenobium
1006 907 1067 954 us-

97 1031 161 1104 que
177 1007 286 1080 hodie
301 1007 410 1081 rebus
423 1006 548 1080 soeculi
565 1005 776 1099 dilatatum,
791 1007 893 1078 omni
901 1005 1005 1078 floret
1012 1033 1065 1080 re·

95 1127 242 1226 ligione,
258 1144 295 1203 et
312 1133 601 1231 circumquaque
610 1129 1067 1203 monasteriamultasano-

97 1251 200 1324 titatis
218 1253 376 1326 illustrat
390 1250 516 1324 odore.

141 1376 289 1447 llexerat
318 1377 367 1448 D.
399 1375 510 1448 abbas
527 1374 734 1448 Waldricus
757 1374 944 1447 ecelesiam
969 1373 1066 1446 haue

99 1497 195 1567 aunis
211 1521 343 1587 xxxvl,
360 1521 470 1594 seque
488 1497 579 1568 boni
601 1498 720 1595 operis
741 1495 951 1592 exemplum
974 1495 1067 1568 sub-

100 1612 177 1687 ditis
205 1643 271 1715 per
295 1621 422 1689 omnia
444 1617 670 1715 praebuerat,
696 1619 905 1717 multasque
923 1641 1066 1715 posses-

99 1738 226 1830 siones,
243 1741 392 1829 altaria,
412 1737 567 1830 allodia,
593 1764 660 1810 suo
680 1739 802 1810 studio
825 1737 1062 1837 adquisierat.

99 1861 377 1958 superveniente
393 1862 506 1956 igitur
520 1860 601 1953 die,
621 1887 697 1960 quo
711 1860 837 1934 divina
851 1863 966 1959 pietas
980 1887 1066 1934 eum

100 1981 141 2052 ab
170 1985 343 2056 arumnis
371 1983 493 2056 saeculi
518 1982 737 2082 disponebat
759 1986 919 2080 eripere,
945 1983 1067 2056 subita

101 2105 288 2202 corripitur
305 2104 545 2204 aegritudine,
574 2117 612 2175 et
641 2101 812 2175 decidens
842 2105 882 2172 in
910 2103 1063 2196 lectum,

100 2232 293 2302 convocatis
320 2228 523 2319 fratribus,
548 2239 632 2326 post
651 2225 818 2298 salutaris
838 2229 982 2298 monita
1003 2251 1067 2300 ex-

100 2343 321 2445 hortationis,
330 2353 507 2424 ultimum
515 2351 595 2424 vale
609 2348 748 2441 dicens,
758 2349 889 2447 plenus
903 2347 1063 2440 dierum,

102 2495 189 2544 anno
201 2475 268 2548 Dei
287 2473 424 2548 Christi
447 2488 650 2566 uexxxud,
677 2472 799 2548 idibus
818 2475 943 2574 junii,
966 2471 1065 2546 diem

102 2590 218 2668 elausit
233 2611 457 2688 extremum,
481 2613 518 2669 et
545 2600 584 2670 in
607 2597 731 2671 medio
753 2597 911 2670 eeclesiae
931 2595 1066 2693 sepeli-

103 2723 171 2808 tur,
189 2741 272 2790 eum
289 2721 447 2790 maxima
463 2719 726 2792 lamentatione
743 2721 901 2792 fratrum
922 2732 958 2790 et
976 2717 1067 2789 alio·

102 2859 190 2910 rum.

143 2963 405 3036 Convenientes
422 2965 550 3038 fratres
572 2964 620 3036 ad
640 2963 852 3063 eligendum
870 2963 1062 3059 abbatem,

103 3095 249 3176 quatuor
261 3085 310 3158 de
325 3087 399 3158 suis
411 3085 572 3183 eligunt,
589 3101 626 3158 et
640 3111 699 3158 eos
719 3111 805 3159 oum
825 3085 959 3160 baculo
979 3112 1066 3187 pas-

103 3203 199 3276 torali
224 3206 272 3279 ad
304 3209 517 3306 episcopum
547 3206 739 3304 dirigunt,
771 3221 814 3278 ut
842 3211 1066 3306 cuicumque

101 3346 218 3400 eorum
232 3329 420 3404 abbatiam
437 3326 560 3417 daret,
580 3331 704 3401 caeteri
718 3327 928 3400 laudarent.
943 3328 1067 3400 mille

101 3447 269 3541 ejusmodi
291 3451 507 3524 electionem
526 3447 758 3549 perpendens
780 3473 856 3520 non
876 3473 950 3522 esse
973 3474 1066 3549 pro-

100 3561 268 3666 babilem,
286 3571 430 3648 distulit
446 3573 501 3671 ετξ,
521 3573 677 3672 aoceptis
691 3571 871 3664 induciis,
892 3597 953 3645 eos
974 3571 1064 3647 redi·

101 3709 135 3759 re
147 3698 331 3796 praecepit.
347 3695 498 3768 Interim
513 3695 562 3767 D.
578 3698 721 3786 Petrus,
738 3695 850 3768 abbas
866 3695 1066 3770 Belvacen-
1194 3785 1202 3798 ‚

101 3811 153 3903 sis,
166 3839 233 3914 pro
245 3818 357 3892 fratre
373 3833 439 3890 tuo
451 3819 499 3890 D.
515 3817 720 3910 Guillrido,
737 3833 773 3892 et
790 3821 869 3919 ejus
887 3821 1065 3918 petitione

19 3968 23 3977 ·
99 3935 279 4036 episeopus
303 3938 578 4031 Laudunensis,
607 3944 826 4038 precatorias
849 3941 988 4010 litteras
1014 3940 1062 4010 D.

100 4052 256 4133 Gerardo
274 4065 444 4164 episeopo
457 4064 756 4164 transmiserunt.
779 4065 889 4159 Hugo
898 4083 1063 4158 quoque,
