2932 4974
389 533 463 617 2⁴0¹
687 565 806 612 umore.
830 565 909 612 cm.
929 567 972 612 er
994 565 1071 609 Aru,

386 648 1092 674 -.........-.......-....-,-

1093 659 1359 672 -ι-ο--ι-ιι

386 753 479 800 uore
494 727 746 827 apostolorum
759 729 857 798 Petri
868 727 910 798 'et
925 725 1049 815 Pauli,
1065 727 1105 796 in
1123 725 1205 796 vico
1222 725 1290 820 qui
1304 721 1359 794 di-

386 854 485 924 eitur
499 853 653 942 Lutoaa,
674 848 779 950 quod
796 850 999 922 construxit
1019 849 1062 918 B.
1086 843 1279 918 Amandus
1297 873 1306 914 ι
1328 857 1360 914 et

384 989 441 1047 est
454 973 555 1046 dives
571 972 736 1062 abbatia,
752 971 820 1042 ubi
837 970 978 1078 virDei
991 967 1210 1040 venerabilis
1225 962 1359 1038 Baidsso

386 1097 600 1194 requiescit,
622 1095 689 1190 qui
706 1115 840 1188 eorpus
862 1093 897 1161 S.
920 1090 1046 1160 Mariae
1068 1084 1299 1184 Magdalenae
1316 1083 1359 1156 de

387 1216 616 1289 Hierusalem
631 1217 671 1286 iu
690 1208 965 1308 Burgundiam,
986 1213 1026 1280 in
1046 1209 1129 1282 loco
1145 1207 1359 1282 Veroelliaoo

386 1339 549 1410 attulisse
558 1336 741 1408 fertur.1n
754 1335 1023 1406 vicoltotnasoe
1033 1343 1087 1404 est
1100 1330 1359 1405 monasterium

390 1461 674 1548 canonioorum,
688 1481 710 1527 a
723 1460 759 1528 S.
782 1479 933 1554 quoque
954 1452 1146 1544 Amantio,
1166 1456 1206 1524 in
1227 1451 1360 1525 honore

386 1580 594 1658 eorundem
611 1578 861 1678 apostolorum
881 1589 1153 1667 constructum,
1178 1577 1248 1648 ubi
1266 1599 1360 1646 mar·

390 1717 451 1800 tyr
471 1705 541 1774 Dei
575 1703 755 1802 pretiosus
775 1703 903 1772 Ermee
931 1701 1098 1797 quiescit.
1132 1699 1213 1772 Hoc
1238 1711 1359 1770 'autem

385 1822 637 1917 demiramur,
660 1821 763 1923 quod
780 1820 884 1894 huno
901 1820 1027 1896 locum
1050 1835 1127 1893 tam
1145 1823 1357 1918 antiquum,

388 1959 428 2029 et
443 1960 520 2020 tam
539 1946 760 2045 opulentum
775 1941 1001 2038 Ludowioua,
1009 1946 1096 2018 Pius
1109 1941 1278 2016 Eudemi
1289 1965 1360 2016 ooe-

385 2065 503 2140 ·nobio
518 2063 787 2166 subjaoeudum
800 2063 965 2140 donavit.

684 2284 847 2468 „pn
1144 2281 1163 2286 ,-

598 2581 638 2624 ΠΙ
652 2579 743 2622 ΥΠΜ
756 2579 839 2622 ME
852 2580 892 2622 m:
907 2578 1158 2624 mmmmm&

390 2751 485 2866 Esr
498 2795 608 2864 etiam
624 2791 727 2866 locus
741 2817 851 2890 super
863 2790 1036 2866 Scaldum
1056 2791 1236 2884 fluvium,
1257 2815 1359 2892 quem

389 2913 656 3007 dicuntlham,
688 2915 756 2986 ubi
778 2913 964 2988 modernis
988 2891 1216 3014 temporibus
1242 2912 1360 2988 hono-

388 3035 514 3108 rabilis
536 3037 593 3108 vir
619 3061 740 3109 comet
763 3035 1003 3130 Godefriduo,
1024 3052 1061 3110 et
1083 3061 1263 3110 uxortua
1286 3037 1360 3108 Ma·
1441 3103 1446 3113 .

389 3155 535 3252 thildis,
571 3172 741 3234 matrona
773 3159 945 3234 videlicet
984 3159 1234 3234 memorabilis
1270 3161 1361 3258 (erat

385 3283 487 3354 enim
499 3306 609 3356 suum
625 3282 830 3383 praedium,
847 3286 920 3356 suis
935 3283 1061 3360 usibus
1079 3278 1357 3383 opportunum)

388 3417 506 3476 castro
523 3403 676 3505 quidem
695 3408 862 3500 munito,
892 3409 1103 3504 navigium,
1137 3419 1357 3494 mercatum,

387 3525 595 3619 teloneum,
621 3541 827 3627 caeteraque
854 3531 1001 3627 negotia
1021 3541 1242 3602 statuerunt.
1267 3525 1359 3598 infra

386 3660 546 3718 castrum
561 3672 648 3720 vero
664 3653 927 3723 monasterium
943 3652 984 3722 in
998 3648 1140 3724 honore
1153 3652 1190 3722 S.
1207 3653 1332 3722 Mariae
1347 3700 1356 3740 ,

386 3764 571 3868 deputatis
591 3774 797 3878 canonicis,
820 3771 1085 3846 fundaverunt.
1104 3775 1219 3846 Extra
1239 3781 1358 3846 autem

386 3891 632 3966 Herimaunus
647 3892 744 3968 filius
759 3883 835 3968 duo
850 3899 1070 3970 monasteria
1082 3899 1227 3988 struxit,
1243 3919 1358 3968 unum

385 4015 421 4083 S.
444 4016 662 4110 Laurentio,
684 4017 840 4093 alterum
862 4045 949 4094 vem
974 4023 1010 4094 S.
1039 4019 1231 4094 salvatori.
1255 4020 1358 4092 Nunc
