2902 4972
794 507 1078 522 mm

441 556 486 602 AB
508 557 627 604 GBRON·
648 558 741 606 stt».
1024 555 1080 608 57⁷

105 713 268 788 deamus.
286 719 404 816 Igitur
419 741 541 790 comes
559 719 761 812 liebertus,
777 734 821 794 ut
842 721 985 796 dictum
1007 737 1078 815 est,

102 835 202 912 hanc
218 839 343 914 villam
357 836 535 936 adeptus,
557 839 767 939 frequenter
785 841 884 917 hauc
903 848 1079 938 invisere,

105 965 338 1036 venationem
364 986 496 1060 agere,
531 963 871 1060 circumjacentium
914 966 1081 1041 locorum

105 1086 224 1182 coepit
248 1077 423 1158 delectari
451 1087 743 1184 opportunitate.
768 1087 939 1186 Denique
965 1095 1083 1164 maxi-

105 1230 205 1276 mam
218 1218 363 1304 partem·
378 1208 488 1279 turris
500 1232 584 1305 quae
600 1205 800 1302 ceciderat,
817 1225 855 1284 et
872 1237 1023 1284 murum
1042 1215 1081 1286 in

102 1329 283 1420 circuitu,
302 1331 396 1402 sicut
409 1327 584 1403 hactenus
599 1335 784 1425 cernitur,
804 1338 1005 1434 reparavit,
1025 1363 1081 1410 ex-

104 1463 214 1547 cepta
239 1450 324 1522 aula
350 1477 435 1523 cum
464 1451 612 1525 ecclesia
639 1479 752 1553 quam
774 1457 822 1528 D.
848 1457 1034 1532 Gerardus
1055 1484 1081 1533 11

105 1571 315 1648 aedificavit.
332 1577 425 1648 Nam
443 1578 571 1674 etipse
596 1577 737 1677 amplas
758 1593 794 1652 et
820 1579 989 1655 honestas
1011 1581 1082 1658 do-

105 1721 206 1790 mos,
225 1722 309 1796 quae
325 1695 511 1796 hodieque
524 1713 689 1792 manent,
708 1727 821 1774 unam
837 1704 1081 1804 scilicetjuxtu

106 1819 293 1894 ecclesiam
306 1818 582 1892 Atrebateusem
599 1824 635 1894 S.
660 1825 807 1915 Mariae,
824 1825 976 1900 alteram
993 1853 1081 1902 vero

109 1945 147 2016 in
161 1943 363 2034 Bracbaut,
382 1940 484 2041 apud
505 1942 631 2016 villam
647 1969 730 2042 quae
750 1959 804 2020 est
816 1948 964 2034 Melun,
984 1949 1083 2051 lapi-

109 2064 176 2140 deo
194 2091 305 2166 opere
322 2067 966 2168 construxit.Comesitaque‚quoad
978 2075 1081 2166 vixit,

105 2190 200 2264 sieut
213 2188 355 2264 dictum
370 2201 443 2282 est,
459 2187 558 2262 hanc
576 2188 704 2264 villam
724 2194 841 2264 tenuit
858 2207 895 2266 et
907 2193 1085 2294 possedit.

430 2405 591 2598 dap.
659 2437 768 2516 ΧΠ·

110 2741 146 2785 ΠΙ
162 2742 253 2786 omo
267 2743 294 2784 D.
315 2743 421 2786 ΟΜΝΗ
436 2743 575 2810 mmm.
597 2745 636 2786 ΒΕ
661 2745 799 2785 novum
814 2745 840 2786 D.
854 2741 1029 2784 aduentum.
1046 2741 1084 2782 DE

418 2827 445 2866 D·
468 2824 626 2866 emanue
648 2823 775 2866 urere.

110 3027 474 3141 Moeremensi
484 3060 769 3160 metropolitano
780 3083 889 3134 carne
900 3071 1082 3158 exempto,

110 3182 344 3284 liudulphus,
356 3183 541 3282 praeclarae
555 3184 714 3256 scientiae
725 3182 876 3255 clericus
890 3193 926 3252 et
940 3205 1086 3278 praepo-⁸

112 3309 217 3399 situs,
237 3303 376 3380 insede
396 3305 644 3378 substituitur.
666 3303 737 3377 Sed
757 3301 909 3402 quidam
934 3302 1085 3375 clericus

113 3434 325 3525 Gervasius,
354 3435 392 3506 vi
420 3433 519 3530 regia
549 3431 682 3524 fretus,
710 3434 827 3529 ipsam
860 3426 983 3501 sedem
1015 3427 1086 3500 sibi

113 3581 313 3656 usurpans,
329 3557 524 3627 introitum
543 3560 621 3653 ejus
638 3555 759 3652 primo
774 3553 858 3626 satis
872 3549 1046 3650 impedivi
1052 3564 1084 3644 t;

114 3677 173 3753 sed
194 3691 321 3779 postca
348 3690 466 3750 morte
485 3691 695 3776 praeventus
716 3678 869 3774 quievit.
891 3675 939 3746 D.
963 3687 1086 3746 autem

115 3800 209 3894 odo,
229 3801 497 3876 Cameracensis
513 3803 724 3900 episeopus,
743 3793 963 3897 aegritudine
985 3797 1090 3892 gravi

114 3937 339 4021 preventus,
359 3921 407 3998 ad
420 3926 683 3998 monasterium
698 3924 941 4023 Aquicinense
961 3941 997 3988 se
1020 3913 1089 3986 de-

117 4044 325 4142 inriserit,
351 4045 479 4148 ibique
498 4045 694 4122 defunctus
715 4047 754 4118 in
776 4039 906 4118 medio,
929 4036 1087 4112 ecclesiae
