3088 4968
578 533 671 578 [MR
694 533 821 580 millis.
1171 532 1188 584 Ἰ

210 699 320 773 lionis
337 721 470 774 ausum
491 710 530 770 et
548 719 668 768 moras
684 693 884 769 obsidionis
899 689 1077 772 invirum
1094 702 1187 800 capi·

210 823 321 921 ti(1)
345 817 571 894 ulciscendas
598 817 862 892 acclamabant.
884 821 945 892 Fit
965 845 1185 916 concursus,

208 944 262 1018 ad
282 947 362 1042 ejus
384 943 611 1019 advenientis
634 942 885 1042 spectaculum
902 947 1076 1018 Romanis
1093 970 1187 1020 con-

209 1067 430 1140 fluentibus.
460 1065 530 1138 atii
553 1063 677 1141 videre
698 1064 883 1166 dejectum
907 1066 1183 1164 desiderabant,

209 1216 325 1291 quem
341 1189 453 1288 paulo
467 1203 551 1262 ante
566 1191 606 1260 in
623 1187 847 1288 amplissimo
864 1187 1006 1264 honore
1023 1192 1186 1290 positum

209 1339 368 1386 summae
383 1315 434 1386 rei
455 1337 605 1412 pracesse
629 1311 884 1385 intuebantur.
908 1312 980 1385 Alii
997 1313 1187 1386 certabant

213 1433 371 1506 illudere
394 1448 513 1534 cepto.
543 1433 616 1506 Alii
638 1436 733 1507 vices
763 1461 888 1508 rerum
912 1433 1183 1529 humanarum,

212 1570 290 1629 tam
318 1560 433 1630 varias
458 1569 569 1656 atque
588 1553 782 1649 flexibiles,
801 1557 1047 1630 mirabantur.
1070 1557 1188 1630 Pleri-

211 1705 288 1781 que
304 1679 504 1752 consultius
521 1679 826 1776 ingemiscebant,
843 1682 908 1779 qui
926 1683 965 1752 in
983 1679 1109 1753 alienis
1123 1705 1187 1753 ca-

209 1801 312 1874 sibus
340 1801 411 1874 sibi
444 1799 589 1874 eadem·
604 1827 706 1900 posse
740 1801 915 1878 accidere.
940 1801 1184 1874 aestimabant.

211 1926 332 1997 Caesar
358 1951 435 2024 prae
465 1929 603 1998 eceteris
633 1925 851 1999 movebatur
881 1927 1045 2024 ingenite
1072 1926 1188 1996 animi

212 2045 517 2138 mausuetudine,
536 2045 643 2116 illum
661 2044 807 2116 dudum
824 2045 1039 2118 bellatorem
1054 2072 1186 2144 super·-

213 2165 324 2259 bum,
342 2168 466 2240 subito
480 2169 652 2266 potestati
668 2165 860 2239 addictum
877 2165 1059 2260 hostium,
1078 2169 1189 2241 alieni

214 2306 325 2364 nutus
338 2305 475 2364 sortem
499 2290 656 2387 operiri,
675 2290 761 2362 vitre
775 2289 1016 2387 naufragum,
1040 2290 1185 2366 exulem

153 2503 160 2517 δ
209 2419 306 2514 spei,
327 2419 510 2490 incertum
530 2414 669 2488 cuntis.
687 2417 849 2488 Tantum
862 2415 984 2490 valere
1000 2434 1190 2498 momente

212 2539 252 2609 in
275 2541 409 2638 proeliis
426 2594 436 2633 ,
453 2553 496 2611 ut
509 2539 613 2612 brevi
633 2563 717 2612 casu
741 2537 901 2640 dispares
920 2542 978 2614 sui
998 2539 1184 2638 reddant,

210 2687 300 2736 curn
313 2676 379 2734 ant
392 2674 559 2761 potentes
573 2658 819 2761 dejiciuntur,
837 2676 903 2736 aut
916 2661 1040 2736 afflicti
1058 2664 1189 2740 lerun-

212 2797 289 2856 tur.
308 2787 438 2882 ltaque
462 2808 546 2882 pars
566 2783 716 2875 melior,
735 2807 865 2856 eorum
880 2785 1016 2858 scilicet
1032 2788 1098 2883 qui
1115 2785 1189 2860 ho-

214 2930 305 2978 nore
320 2905 559 3005 potiebantur
575 2909 615 2978 in
628 2931 720 3005 quos
732 2909 855 3008 potius
870 2909 1019 2982 Caesaris
1037 2908 1190 2984 consilia

212 3027 466 3120 reclinabant,
492 3031 639 3101 mitiora
667 3029 817 3103 consilia
845 3028 998 3103 dabant.
1028 3033 1187 3103 Maxima

214 3163 339 3223 tamen
366 3149 467 3250 apud
493 3155 671 3225 Caesarem
700 3155 823 3251 portio
849 3153 974 3226 salutis
1004 3155 1084 3226 viro
1115 3153 1189 3226 fuit

132 3301 138 3308 ·
219 3271 370 3346 devotus
396 3279 525 3374 patriae
555 3279 726 3366 animus,
754 3290 791 3346 et
819 3288 980 3374 spectata
1010 3279 1049 3348 in
1080 3277 1192 3348 rebus

216 3392 356 3468 bellicis
383 3399 513 3470 virtus.
549 3394 751 3468 advertens
779 3419 941 3492 namque
967 3397 1007 3466 iu
1032 3417 1119 3466 eunt
1142 3395 1192 3466 fi-

214 3519 276 3594 dei
308 3537 345 3596 et
376 3527 511 3624 egregii
543 3524 658 3595 animi
692 3523 955 3615 constantiam,
985 3525 1082 3594 inter
1106 3523 1188 3623 pri-

214 3666 293 3715 mos
307 3645 476 3718 militaris
493 3645 629 3742 negotii
645 3645 762 3736 viros,
778 3656 816 3715 ct
832 3645 948 3741 regios
962 3643 1188 3716 consiliarios

213 3771 422 3863 promovit,
443 3793 633 3867 perquem
649 3765 884 3866 postmodum
900 3767 1019 3839 multa
1033 3781 1191 3839 strenuae

214 3893 361 3967 virtutis
391 3897 548 3993 insignia
579 3895 732 3996 peregit.
757 3895 851 3967 Nam
879 3893 981 3968 bello
1000 3907 1187 3988 strenuus,

250 4053 281 4118 (Ι
289 4055 302 4119 )
321 4059 352 4106 A.
363 4053 389 4106 b.
412 4063 493 4126 enpust.
