2932 4974
460 593 463 602 .
522 559 617 608 mn
634 559 762 608 MS·
1079 555 1135 609 189

151 719 258 794 bello
285 735 499 814 strenuum,
531 720 698 796 defuncti
725 725 955 823 imperatoris
969 725 1137 822 proxime

152 846 488 942 oousanguineum.
512 847 593 942 Ipse
627 871 714 918 vero
741 846 944 918 Balduinus
970 848 1133 936 interim,

152 966 278 1038 multu
294 991 410 1038 manu
424 965 590 1056 collecto,
600 967 880 1040 valentianense
895 980 1053 1039 castrum
1071 967 1137 1040 ob·

151 1078 271 1181 sedit,
297 1101 411 1188 atque
434 1087 613 1178 Arnulfo‚'
634 1091 723 1186 quia
748 1091 857 1187 longe
882 1113 1038 1162 numero
1061 1103 1138 1162 erat

151 1210 332 1303 inferior,
353 1210 522 1308 expulso,
537 1209 725 1284 vindicare
734 1213 980 1310 praesumpsit.
995 1211 1137 1304 Quibus

150 1336 214 1406 ita
242 1333 367 1431 gestis,
386 1335 576 1406 Heinrieus
603 1359 665 1405 rex
683 1335 881 1423 excitatus,
911 1331 1136 1406 Balduinum
1264 1411 1273 1430 ⁸

151 1477 261 1553 saepe
274 1454 514 1554 adjustitiam
525 1455 669 1529 vocivit
688 1484 699 1527 z
717 1456 781 1528 sed
793 1481 938 1556 semper
953 1457 1133 1548 renitens,

153 1580 370 1668 vocationes
391 1578 469 1674 ejus
490 1581 640 1676 sprevit.
667 1581 741 1652 Rex
758 1581 898 1678 itaque,
915 1580 1042 1678 paucis
1055 1579 1138 1676 post

155 1697 311 1792 diebus,
335 1697 575 1770 multitudine
603 1699 756 1772 suorum
772 1703 987 1800 principum
1003 1697 1134 1792 fultus,

154 1807 276 1895 immo
287 1825 399 1894 etium
412 1845 500 1894 cum
513 1821 703 1914 Rotberto,
712 1847 796 1921 rege
808 1823 1058 1914 Karlensium,
1073 1821 1137 1896 sed

157 1957 200 2018 et
212 1947 347 2044 pariter
365 1939 451 2016 oum
465 1921 670 2035 Richardog
682 1944 778 2018 duce
789 1945 1135 2042 Rotomogensium‚

60 2141 75 2150 ,
159 2045 262 2140 idem
273 2067 464 2140 camellum
477 2093 565 2139 oum
586 2065 842 2163 indignatione
855 2089 1059 2162 aggressus,
1075 2089 1140 2135 su·

161 2213 233 2288 per
255 2187 480 2262 Balduinum
502 2187 630 2279 irruit,
653 2185 718 2258 sed
740 2185 966 2284 exigentibus
985 2187 1140 2283 peooetis

158 2314 314 2415 populi,
331 2317 448 2387 immo
474 2327 511 2386 et
532 2313 675 2411 aliquot
687 2336 840 2384 suorum
853 2309 983 2384 fraude
997 2308 1142 2383 detrec-

161 2437 346 2531 tantibus,
374 2437 547 2512 frustrata
567 2461 648 2536 spe,
673 2427 773 2508 nihtl'
789 2434 984 2534 proficiens
1005 2435 1045 2506 in
1075 2457 1141 2506 sua

157 2565 350 2638 remeavit.

464 2759 639 2944 tion„
672 2807 811 2886 cxv.

268 3069 379 3113 rrum
397 3065 569 3110 mum
585 3039 740 3110 mouens
754 3043 794 3108 to
811 3065 914 3108 uon
932 3043 1031 3106 mur.

162 3259 333 3368 Pomm?
344 3293 456 3393 hujus
476 3291 678 3364 obsidionis
697 3293 925 3360 incentorem
943 3285 1142 3356 Erluinum

165 3420 380 3516 episcopum
398 3407 609 3487 Belduinus
623 3411 821 3500 existimat,
842 3404 1001 3503 ideoque
1020 3406 1060 3474 in
1083 3406 1145 3502 ip-

162 3563 248 3610 sum
262 3553 299 3611 et
316 3541 356 3609 in
374 3531 511 3610 visoera
518 3535 629 3608 totius
637 3529 739 3605 urbis
746 3528 949 3602 districtam
964 3527 1145 3598 ultionem

162 3685 201 3733 se
216 3661 402 3735 iacturum
417 3683 490 3732 esse
505 3661 683 3730 minetur.
701 3649 809 3724 Unde
822 3650 958 3751 praesul
973 3649 1147 3748 perterri-

165 3797 245 3874 tus,
263 3785 422 3858 civitatis
438 3795 574 3855 statum
591 3792 628 3852 et
642 3773 855 3876 reipublicae
871 3775 1062 3875 negotium
1080 3795 1147 3842 er-

161 3897 396 3980 ohidieconis
413 3920 449 3977 et
466 3901 772 4004 primismilitum
795 3893 1088 3980 commendavit,
1112 3903 1149 3959 et

165 4055 214 4105 ne
226 4033 377 4106 ineante
387 4028 433 4103 eb
444 4030 523 4128 ipso
534 4029 678 4100 minace
690 4035 849 4122 tyranno
859 4015 1146 4119 opprimeretur,
