2932 4974
330 513 525 528 πμ

331 559 390 613 908
599 561 719 610 cuuott.
739 561 817 608 ῦΑΙ.
831 563 874 608 ET
891 559 968 607 ΑΤΙ.

304 795 309 806 .
333 753 406 828 que
429 725 641 800 excellentia
658 751 734 798 suoe
753 723 941 824 dignitatis
962 749 1075 824 quam
1101 726 1313 824 plurimum

258 872 259 876 ’
332 848 544 946 insignibat.
571 853 661 920 Erat
690 851 790 920 enim
818 845 1029 922 veneranda
1047 861 1158 946 atque
1181 849 1316 946 regulis

334 970 499 1064 abbatia,
516 997 558 1044 ex
574 973 678 1042 omui
691 969 908 1044 sufficientia
921 969 1076 1063 florens,
1095 973 1201 1068 cujus
1215 971 1317 1044 mut-

335 1093 451 1193 tiplici
477 1095 604 1192 gratiae
624 1092 720 1166 nihil
739 1091 906 1165 conferre
927 1106 1089 1190 putares.
1111 1091 1184 1164 Sed
1207 1108 1315 1192 post-

335 1239 466 1314 quam,
482 1216 576 1286 utin
591 1216 713 1311 primo
727 1213 825 1284 libro
839 1212 999 1286 breviter
1018 1215 1222 1311 tetigimus,
1241 1212 1314 1286 sub

335 1337 650 1435 persecutionibus
664 1337 787 1434 primo
801 1357 1051 1433 paganorum,
1063 1331 1201 1406 deinde
1213 1335 1315 1406 llun·

336 1483 530 1556 garorum,
549 1483 635 1534 cum
649 1459 788 1531 caeteris
804 1482 953 1556 quoque
965 1455 1172 1529 Galliarum
1189 1457 1315 1532 eccle-

224 1597 231 1608 “
336 1581 422 1671 siis,
439 1579 653 1655 mortalium
669 1578 787 1677 culpis
814 1577 1067 1676 exigentibus,
1094 1603 1181 1652 cum
1208 1582 1318 1652 omni

337 1699 508 1774 thesauro
541 1701 796 1776 miserabiliter
825 1701 1023 1800 populata,
1053 1701 1312 1795 subvertitur3

337 1849 415 1898 non
438 1825 559 1898 solum
585 1823 633 1898 ad
656 1825 812 1923 gratiam
834 1825 967 1921 prioris
985 1837 1100 1897 status
1122 1823 1328 1896 reformari·

337 1970 414 2019 non
428 1949 569 2045 potuit,
585 1973 715 2022 verum
729 1960 784 2038 et,
803 1943 905 2044 quod
919 1941 1125 2018 dolendum
1140 1959 1213 2038 est,
1236 1969 1319 2018 ma·

336 2069 391 2164 gis
407 2070 594 2168 magisque
611 2066 753 2167 dejecta
777 2070 815 2139 iu
839 2067 1086 2166 praecipitium
1103 2069 1194 2142 ruit.
1217 2069 1317 2158 Quia

336 2191 437 2264 enim
451 2205 637 2264 rectorum
650 2189 894 2279 imbecillitas,
911 2201 985 2259 tam
1002 2191 1121 2260 varias
1133 2203 1171 2261 et
1183 2201 1259 2260 tam
1274 2191 1318 2261 iu

337 2309 488 2384 diversis
508 2311 676 2409 partibus
700 2311 938 2410 possessiones
956 2308 1066 2407 longe
1084 2307 1316 2410 diremptas,

337 2447 371 2508 et
388 2458 505 2532 prope
520 2435 674 2532 positas,
693 2457 759 2522 sua
773 2431 1007 2531 providentia
1018 2433 1128 2505 simul
1142 2431 1319 2508 cohibere

338 2578 416 2626 non
435 2565 600 2651 poterat,
624 2554 736 2626 vicini
756 2566 919 2651 raptores
939 2555 1201 2655 improbissimi
1226 2556 1318 2654 qui-

337 2701 411 2775 que
424 2677 552 2749 vitiato
565 2677 644 2774 Jam
661 2673 813 2774 quidem
830 2677 982 2770 saeculo,
1006 2675 1109 2777 quod
1130 2677 1222 2750 boni
1245 2703 1318 2777 pro

339 2797 509 2872 salutect
521 2795 691 2872 remediis
714 2801 923 2871 animarum
943 2799 1195 2892 contulerant,
1217 2813 1261 2872 ut
1279 2826 1319 2874 se

340 2917 453 2994 babet
484 2945 589 2994 amor
615 2919 789 2994 humanae
814 2922 1043 3011 ambitionis,
1073 2923 1317 2998 abstulerant.

340 3041 451 3133 Quod
476 3045 587 3116 etiam
608 3045 711 3144 pejus
732 3059 804 3136 est,
830 3070 877 3118 ne
896 3047 967 3145 ipsi
986 3045 1139 3145 quidem
1157 3060 1323 3121 rectores

341 3161 513 3260 quidam,
530 3167 622 3264 quin
637 3179 826 3266 raperent,
842 3167 1047 3266 cleperent,
1063 3167 1318 3263 detraherent,

338 3283 598 3362 fraudulentiae
623 3287 795 3362 technam
827 3267 1114 3364 declinaberunt.
1145 3294 1194 3363 Et
1224 3289 1322 3392 quid

338 3406 581 3482 dicamlolim
593 3411 823 3510 frequentior
834 3439 1011 3486 numerus
1027 3413 1199 3506 fratrum,
1214 3439 1322 3494 nuuc

339 3527 387 3602 ad
404 3533 684 3630 quinquagenos
698 3559 775 3632 prae
789 3536 915 3634 inopia
928 3533 1137 3629 derivatur,
1156 3538 1244 3636 qui,
1265 3537 1319 3608 D.

338 3650 687 3755 Gerardoepiscopo
698 3657 1322 3758 satagente,quotidiauumvictum

339 3769 379 3842 iu
394 3771 586 3848 refectorio
602 3780 849 3852 communiter
861 3793 1028 3852 sumunt.
1047 3783 1091 3852 ln
1111 3779 1225 3881 hujus
1247 3805 1324 3854 au-

341 3906 414 3966 tem
431 3899 546 3995 patris
559 3900 674 3970 nostri
696 3902 932 4004 memoriast
955 3903 1211 3997 veneratione,
1233 3929 1325 3976 mo-

340 4022 516 4114 nasteria,
533 4019 597 4098 scd
611 4035 647 4098 st
660 4021 926 4123 frequentiores
939 4023 1117 4120 basilicae,
1142 4051 1221 4106 nou
1240 4041 1324 4104 tam
