2906 4970
376 571 433 626 288
682 571 801 617 onnon.
822 571 901 616 essi.
920 571 963 616 nr
976 569 1053 614 Aru.

375 735 1059 807 cumdominavestraonmiummatre,sancta
1068 713 1339 794 videlicetecelesia
1439 763 1440 780 ι

374 841 408 903 Si
415 827 498 904 enim
512 839 568 900 Dei
577 835 1080 920 patriscaritasostenditurinlilio,
1089 839 1144 917 qui
1159 857 1213 917 per
1224 850 1342 899 mortem

375 941 1343 1023 camisanimamstiamposuitprogeuerehumano;eiusdemi-
1439 1009 1440 1036 ,

375 1051 410 1114 lii
421 1053 521 1133 imago
533 1050 791 1126 monstratur-etin
800 1046 866 1123 illo,
876 1049 930 1128 qui
944 1049 1152 1108 necessitatem
1162 1049 1287 1127 patienti
1298 1069 1342 1109 suo

375 1157 536 1216 miseretur
546 1155 696 1234 proximo.
713 1149 745 1211 si
760 1171 833 1213 vero
852 1150 912 1212 hoe
932 1153 1063 1212 caritatis
1083 1155 1299 1212 commercium
1320 1153 1341 1213 ei
1439 1161 1440 1218 ζ

375 1257 549 1320 conceditur
563 1258 615 1337 qui
628 1255 798 1316 consolatur
808 1256 985 1336 proximum
995 1299 1003 1330 ,
1015 1267 1130 1335 quanto
1141 1257 1236 1338 magis
1246 1255 1290 1316 ilb
1299 1258 1343 1337 qui

376 1361 538 1424 honoravit
562 1357 795 1422 misericorditer
823 1349 1002 1435 ecclesiam,
1030 1359 1204 1442 generalem
1227 1373 1343 1420 matrem

375 1465 513 1527 fidelium
523 1511 532 1540 ,
544 1479 575 1526 et
588 1467 711 1545 insuper
724 1463 856 1524 Mariam
879 1467 1057 1546 genitricem
1077 1463 1134 1526 Dei
1156 1463 1343 1546 redemptoris

376 1571 535 1632 omnium?
547 1569 606 1632 Sed
628 1568 734 1630 nediu
749 1589 823 1628 meae
844 1572 954 1629 mentis
968 1569 1054 1631 vobis
1075 1569 1188 1631 celetur
1207 1569 1343 1644 allectus,

375 1699 436 1738 non
447 1673 544 1756 longis
558 1674 643 1736 vobis
658 1673 837 1755 patefaciam
851 1673 1050 1736 sermonibus.
1066 1672 1212 1756 Subrepit
1224 1693 1344 1756 namque

374 1779 453 1842 mibi
478 1778 547 1859 plus
575 1777 664 1839 solito
688 1781 781 1839 timor
801 1792 832 1840 et
855 1779 960 1855 dolor,
976 1781 1030 1860 qui
1050 1779 1122 1840 licet
1144 1781 1183 1840 sit
1204 1779 1280 1840 milri
1298 1799 1344 1860 per

377 1905 468 1946 usum
479 1897 565 1945 vetus
575 1925 584 1958 ,
596 1883 631 1942 fit
640 1897 742 1943 tamen
753 1904 872 1964 semper
882 1905 937 1964 per
947 1897 1144 1966 augmentum
1155 1905 1262 1946 novus.
1274 1881 1344 1943 Nam

375 1990 400 2051 si
418 1986 582 2069 aliquando
593 2009 643 2048 me
657 1990 758 2069 ipsum
774 1986 941 2048 secundum
955 1987 1134 2069 qualitatem
1148 1989 1217 2048 vitae
1230 1989 1343 2069 aspicio,

373 2095 405 2154 in
420 2092 622 2156 ornaritudine
632 2114 734 2154 versor
744 2138 753 2169 ,
765 2095 838 2174 quis
848 2095 880 2154 in
892 2093 980 2156 bonis
990 2091 1117 2168 deficio,
1130 2093 1163 2154 in
1183 2091 1273 2154 malis
1282 2111 1344 2174 per·

373 2197 462 2259 duro.
479 2197 510 2258 si
526 2195 648 2280 quando
673 2219 745 2259 vero
758 2197 797 2258 ad
811 2220 846 2260 ea
861 2218 928 2278 quae
948 2200 981 2258 in
1006 2197 1123 2258 mundo
1147 2210 1217 2258 sunt
1236 2197 1344 2278 perspi-

373 2301 479 2363 cienda
503 2305 612 2363 mentis
636 2302 762 2363 oculum
785 2299 910 2377 anollo,
936 2315 1065 2378 cuncte,
1088 2303 1207 2382 quirin
1222 2301 1343 2382 maligno

373 2421 443 2468 sunt
457 2409 553 2487 posita
567 2405 666 2468 video.
684 2405 804 2484 Quanto
818 2403 951 2467 mundus
965 2405 1090 2465 feriatur
1103 2401 1226 2486 gladio,
1243 2405 1342 2488 quibus

373 2509 505 2592 populus
513 2513 641 2571 intereat
650 2509 895 2591 percussionibus
906 2510 1064 2572 manifeste
1074 2510 1243 2586 considero,
1255 2533 1289 2572 ac
1298 2531 1342 2592 per
1438 2525 1439 2546 ³

372 2614 432 2677 boc
440 2615 540 2677 adbuc
548 2619 663 2696 majora
674 2617 775 2678 venire
787 2618 893 2690 timeo,
905 2618 979 2697 quia
988 2629 1090 2677 nostro
1101 2615 1343 2697 sacerdotalipac-

371 2733 438 2782 cato
449 2720 515 2782 hoec
530 2723 595 2782 fleri
607 2722 768 2782 confiteor:
785 2722 1076 2802 sicutscriptumest,
1085 2733 1212 2784 testante
1219 2720 1254 2782 ll.
1263 2721 1341 2782 Petro

370 2825 519 2908 apostolos
532 2829 666 2908 Quoniam
676 2842 783 2904 tempus
794 2841 835 2887 est
844 2827 1139 2908 utincipt'otjuds'ct'um
1145 2827 1181 2888 de
1197 2829 1273 2888 domo
1288 2825 1339 2886 Dei

371 2935 412 3007 (l.
423 2931 504 2992 Petr.
515 2931 556 3008 l).
567 2930 605 2990 Et
614 2930 875 2994 inJezechiele=A
881 2935 1037 2992 anaemaris
1043 2954 1103 2994 uteo
1109 2935 1220 3008 iricrpr'te
1227 2929 1334 3009 (Erech.

370 3037 400 3096 9.
417 3037 472 3112 6).
489 3034 584 3097 Verbi
594 3037 711 3118 gratia:
728 3036 823 3099 veluti
838 3038 870 3096 in
884 3037 1022 3116 prasenti
1042 3033 1073 3096 S.
1097 3035 1204 3098 lilariae
1218 3035 1336 3096 Atreba-

370 3141 502 3200 tensium
513 3139 706 3200 manifestum
727 3154 771 3202 est
792 3139 933 3215 ecclesie,
956 3161 1049 3220 quam
1071 3161 1113 3200 ιιι.
1147 3139 1208 3200 kal.
1230 3137 1335 3220 augusti

369 3245 448 3326 ignis
460 3244 624 3308 'adveniens
638 3245 677 3306 de
691 3245 767 3306 coelo
783 3259 879 3306 totam
893 3245 1060 3306 combussit
1073 3243 1246 3306 videntibus
1258 3263 1336 3305 carno·

368 3351 414 3410 tis.
436 3348 521 3411 Unde
532 3353 625 3412 tirneo
635 3352 767 3412 nimium
777 3397 785 3426 ,
797 3350 907 3412 divine
917 3349 1189 3413 animadversionis
1199 3349 1335 3411 hoclrris·

259 3477 263 3484 ·
367 3475 399 3516 se
408 3454 557 3534 judicium
571 3458 719 3516 venientis
732 3475 822 3535 super
833 3453 912 3516 libas
922 3454 1099 3530 bominum,
1116 3469 1151 3516 ut
1172 3457 1249 3516 sicut
1270 3452 1333 3514 obm

365 3571 437 3620 ante·
449 3558 614 3621 adventum
638 3558 760 3620 Donuni
774 3603 783 3632 ,
799 3559 841 3628 ob
861 3561 980 3641 signum
1001 3558 1233 3634 misericordie,
1255 3579 1290 3620 eo
1307 3558 1334 3615 in

366 3660 434 3724 loco
448 3663 518 3723 alba
532 3662 645 3724 vellera
654 3663 716 3724 duo
730 3662 872 3745 leguntur
882 3663 1023 3726 cecidisse
1037 3689 1046 3724 ι
1068 3667 1111 3726 ita
1130 3663 1173 3726 oh
1193 3663 1334 3745 significa-

365 3769 480 3830 tionem
495 3766 619 3827 ultionis
633 3767 763 3846 dirime,
780 3789 848 3851 quae
862 3781 989 3832 ventura
1003 3782 1152 3850 estsuper
1165 3767 1331 3830 diffidentie

366 3871 465 3949 lilios,
481 3873 558 3955 ignis
568 3874 682 3934 veniret
700 3895 771 3935 cum
792 3871 939 3955 sulphure
952 3919 960 3948 ,
973 3876 1027 3955 qui
1047 3871 1189 3934 terrendo
1208 3881 1333 3934 moneret

365 3975 492 4054 electos,
508 3989 541 4038 ut
555 3989 677 4057 possent
689 3998 708 4036 a
721 3977 797 4040 fecie
808 3997 895 4040 arcus
909 3979 1031 4060 lugere,
1043 3989 1074 4038 et
1083 3989 1221 4040 exureret
1233 3978 1332 4056 impios

364 4095 394 4141 et
408 4096 594 4163 peccatores,
608 4084 662 4165 qui
673 4081 791 4146 Christo
804 4105 923 4167 semper
936 4082 1100 4150 detrabunt
1116 4081 1186 4148 filiis
1201 4081 1329 4146 ecdesia·
