2932 4974
385 583 442 636 222
692 585 811 632 cultori.
826 585 905 632 etit.
920 585 961 630 su
977 585 1053 632 suu.

386 749 598 848 postulavit.
618 751 731 850 Cujus
745 751 961 822 auctoritate
983 774 1052 824 nee
1071 748 1220 824 difficile
1241 753 1361 853 impe-

388 885 481 944 trata
496 873 759 946 monasterium
774 870 956 946 aedificare
969 872 1170 968 festinavit,
1187 902 1360 950 eonsum-

267 987 270 992 ’
387 1007 602 1093 metumque
616 993 663 1066 ab
680 996 760 1094 ipso
775 997 823 1068 D.
844 998 1014 1095 episcopo
1035 1002 1241 1072 consecrari
1266 1001 1361 1076 obti-

388 1119 579 1190 nuitLoci
588 1117 1142 1220 eutemvocabulumepiscopus
1150 1123 1357 1216 inmutavit,

387 1239 511 1336 sieque
525 1241 655 1314 cellam
669 1245 706 1316 S.
724 1243 921 1318 salvatoris
932 1245 1061 1318 statuit
1073 1246 1276 1317 nominari.

505 1561 575 1643 ,,
701 1448 861 1634 ew,
925 1497 1050 1634 xlvi

635 1745 682 1786 DE
705 1741 937 1784 nuwtctttst
962 1741 1115 1783 essue.

392 1917 606 2031 pimeni
620 1957 730 2027 etiam
745 1950 847 2051 apud
861 1953 1051 2026 castellum
1066 1953 1131 2052 (1)
1145 1952 1361 2024 Duwaicum

391 2079 656 2152 monasterium
696 2087 750 2146 est
793 2077 1076 2168 canonicorum,
1109 2073 1175 2146 ubi
1211 2095 1362 2172 corpora

391 2213 603 2273 sanctorum
612 2201 751 2296 jacent,
760 2195 934 2267 Morantii
950 2209 1061 2294 atque
1074 2194 1247 2269 videlieet
1260 2201 1363 2267 Ama·

392 2321 434 2390 ti.
450 2317 648 2392 Sciendum
663 2329 716 2393 est
732 2329 875 2406 autem,
895 2313 998 2412 quod
1022 2330 1107 2388 ante
1133 2315 1364 2388 constitutio-

392 2463 479 2512 nem
492 2438 605 2537 hujus
621 2437 778 2528 castelli,
794 2461 881 2509 usus
898 2432 1047 2529 telonei,
1068 2435 1172 2537 quod
1183 2459 1288 2508 nune
1299 2459 1364 2534 pro

392 2561 620 2651 imminentis
635 2562 649 2658 (
657 2561 700 2654 2)
713 2553 997 2630 Flandrensium
1011 2559 1153 2630 comitis
1171 2557 1338 2655 potentia
1353 2606 1362 2644 ,

392 2683 528 2780 inipso
545 2677 712 2770 castelle,
729 2691 872 2749 mutato
887 2679 1042 2776 pristino
1059 2681 1156 2769 ritu,
1180 2680 1362 2766 sumitur,

393 2801 496 2902 apud
511 2799 700 2891 Lambrus,
716 2797 841 2873 villam
858 2799 894 2869 S.
910 2797 979 2868 Dei
992 2797 1365 2895 genitricis,solvebe·

398 2935 471 2993 tur.
499 2925 589 2993 Erat
613 2923 712 2993 enim
731 2921 852 3017 regius
873 2911 1000 3012 litteus,
1023 2919 1088 2992 sed
1107 2933 1275 3018 tempore
1292 2921 1366 2990 Ste-

396 3041 514 3142 phani
531 3043 710 3140 episcopi,
727 3065 749 3113 a
764 3039 901 3113 Karolo
914 3065 1012 3139 rege,
1026 3043 1061 3113 S.
1072 3041 1197 3114 Marius
1210 3039 1367 3112 donatur

396 3160 604 3234 habendus.
621 3159 689 3233 1110
702 3166 813 3234 etiam
827 3175 1007 3261 tempore,
1022 3175 1152 3261 portus
1167 3161 1259 3234 illuc
1268 3159 1366 3233 habe-

397 3283 522 3356 batur.
549 3285 747 3380 Postquam
770 3303 858 3356 vero
890 3281 1070 3356 incolatus
1099 3281 1211 3382 hujus
1235 3279 1366 3356 castelli

399 3418 579 3503 coeperat,
610 3403 685 3476 illic
707 3405 843 3502 navigii
871 3429 957 3476 usus
977 3398 1186 3498 derivatur,
1219 3419 1257 3478 et
1287 3402 1368 3478 huie

398 3538 531 3596 nostrie
549 3523 645 3598 villae
661 3537 806 3612 tantum
820 3523 975 3598 dimidia
991 3527 1113 3624 portio
1139 3525 1276 3598 telonei
1299 3521 1369 3597 sol-

397 3647 512 3716 vitur;
538 3647 581 3716 In
610 3643 680 3719 hae
706 3659 830 3719 sutem
853 3647 959 3740 villa,
975 3669 1037 3719 rex
1057 3645 1265 3744 Sigebertus
1282 3646 1369 3718 forte

400 3766 563 3865 sepultus
577 3783 642 3844 est.
662 3771 751 3862 Cui,
773 3791 859 3842 cum
882 3765 931 3841 ad
954 3767 1199 3842 obsidendum
1222 3769 1367 3852 fratrem

434 3969 465 4035 (l
477 3973 487 4037 )
506 3977 535 4022 u.
549 3980 666 4024 mtrem.
687 4001 720 4013 -
740 3975 750 4040 (
758 3973 793 4040 2)
812 3975 885 4027 Colv.
898 3973 933 4026 lit
944 3975 1109 4029 inminentis.
1123 3981 1159 4026 ts
1170 3976 1318 4028 comum
1335 3975 1369 4024 est

404 4059 468 4112 tates
480 4061 581 4131 d'spsis
592 4063 618 4116 le
630 4069 663 4116 Ι.
675 4070 704 4114 Β.
