3088 4968
342 544 380 602 ss
648 511 860 598 omou'osrr.
877 547 920 592 rr
938 547 1016 600 un.

646 814 811 1000 illast,
865 867 1011 951 vrri.

343 1145 423 1196 onon
435 1143 466 1187 ut
480 1143 559 1188 nau
573 1139 697 1188 mnus.
708 1141 819 1184 mira
838 1141 952 1182 srrtono
975 1139 995 1181 a
1015 1141 1041 1182 s.
1057 1139 1215 1188 murro.
1232 1141 1320 1186 vocs.

370 1225 425 1264 rus
445 1225 467 1264 a
490 1222 645 1270 moins.
668 1221 727 1262 rso
747 1221 781 1262 ιι
805 1221 827 1262 s.
854 1219 1012 1262 vunasnnsa
1036 1221 1180 1264 numer
1205 1221 1254 1264 nni
1270 1222 1321 1266 co.

369 1302 516 1350 eruceri,
527 1302 616 1344 curun
633 1300 760 1342 curans
776 1300 843 1351 cum
854 1299 1066 1346 mersitona.
1083 1300 1227 1342 sesnmnu
1240 1301 1320 1351 ouon

370 1381 481 1423 rnrnuo
511 1380 590 1422 arsur
627 1377 828 1420 asomum
855 1379 961 1420 nom
993 1377 1127 1425 aarum.
1156 1373 1321 1421 manum

370 1459 593 1502 nucumunr.

346 1667 570 1778 Rectum
601 1697 731 1798 templi
760 1696 948 1790 adificiis,
981 1701 1023 1772 B.
1043 1696 1221 1772 Vadastus
1241 1700 1321 1772 cir-

346 1823 793 1921 cumjacentisprovinciae
802 1819 1325 1922 populosabidololatriacul-

346 1943 446 2018 tibus
461 1943 596 2019 divinis
607 1946 851 2044 mancipavit,
867 1942 953 2018 fana
972 1941 1129 2018 deorum
1150 1941 1323 2034 diruens,

346 2069 514 2146 ecclesias
544 2070 756 2145 adsummi
797 2069 938 2162 decoris
982 2069 1129 2144 culmen
1165 2072 1324 2167 erigens.

348 2193 491 2266 Claruit
503 2194 644 2293 ubique
658 2193 795 2268 divinae
808 2195 972 2291 cognitio
985 2192 1095 2289 legis,
1111 2189 1247 2264 Christi
1259 2217 1329 2264 uo-

348 2339 436 2388 men
451 2329 672 2390 cunctorum
687 2315 909 2390 audiebatur
923 2317 962 2386 iu
977 2338 1053 2388 ore.
1075 2317 1185 2412 Signa
1201 2329 1327 2389 autem

348 2449 386 2508 et
402 2438 573 2520 virtutes,
594 2463 677 2536 quae
691 2462 758 2536 per
771 2461 858 2510 cum
875 2434 1003 2510 divina
1015 2435 1183 2514 exhihuit
1196 2452 1331 2538 poten·

350 2558 421 2648 tia,
437 2561 525 2656 quia
538 2558 726 2632 brevitatis
742 2555 859 2654 stylus
869 2582 946 2634 noo
961 2561 1074 2658 capit,
1091 2561 1243 2634 curiosis
1255 2559 1330 2634 lec·

351 2681 492 2758 toribus
513 2681 609 2760 liber
627 2684 713 2756 vitae
741 2681 819 2778 ejus
845 2681 992 2781 plenius
1022 2679 1175 2758 indicat.
1208 2684 1331 2781 Hujus

351 2803 582 2904 temporibus
598 2803 724 2880 habita
737 2803 901 2902 synodus
919 2808 1062 2880 Vienna
1080 2807 1173 2880 urbe
1187 2805 1331 2880 descri-

352 2925 456 3002 bitur
487 2954 497 2997 ι
528 2925 576 3000 ad
616 2953 729 3028 quam
762 2927 972 3002 Galliarum
1014 2931 1196 3030 episcopi,
1232 2955 1254 3002 a
1285 2932 1327 3002 B.

231 3057 238 3064 '
353 3049 534 3124 Mamerto
551 3053 762 3144 convocati,
786 3077 881 3152 pene
895 3077 1022 3126 omnes
1043 3063 1326 3126 convenerunt:

354 3170 421 3245 ubi
449 3185 485 3246 et
507 3175 577 3273 ipsi
604 3175 644 3246 B.
670 3177 901 3273 Remigium,
920 3190 964 3248 ut
986 3189 1073 3275 pote
1101 3173 1237 3248 divinis
1255 3175 1333 3248 cio-

355 3297 455 3396 quiis
489 3294 780 3372 eruditissimum
815 3313 852 3372 et
898 3300 1160 3398 praestantioris
1199 3301 1327 3398 gratiae

354 3419 549 3518 privilegio
569 3421 891 3513 facundissimum,
915 3425 1041 3494 venire
1064 3424 1263 3520 petierunt.
1284 3425 1334 3492 At

355 3539 414 3610 vir
440 3554 609 3632 sanctus,
633 3543 734 3612 senio
761 3543 898 3636 gravis,
918 3566 1004 3614 oum
1019 3546 1182 3642 corporis
1211 3543 1335 3615 imbe-

358 3659 507 3734 cillitate
544 3659 796 3756 detineretur,
829 3665 869 3736 B.
918 3663 1007 3738 illuc
1042 3663 1243 3738 Vedastum
1273 3669 1334 3739 vi-

358 3785 465 3858 cariae
505 3784 762 3858 sollicitudinis
806 3790 1061 3887 cooperarium
1100 3786 1244 3862 direxit.
1289 3792 1334 3862 ln

358 3931 401 3979 ea
421 3927 582 4006 namque
605 3889 723 3999 urbe,
747 3922 790 3980 ut
817 3911 856 3980 B.
877 3911 1095 4006 Gregorius,
1111 3912 1335 3984 Turonensis

359 4028 462 4103 urbis
478 4031 696 4131 episcopus,
721 4029 847 4106 scribit
874 4033 914 4103 in
941 4033 1047 4128 gestis
1073 4035 1333 4126 Francorum,
