2906 4970
453 587 498 632 Ao
519 585 637 632 cnoll.
658 585 750 632 nun.
1035 577 1091 630 5δῖ

115 747 315 838 sciscitans,
332 774 452 847 quum
469 773 555 819 eum
572 745 621 818 ad
637 747 779 846 objecta
795 746 1017 848 respondere
1034 749 1094 820 vi-

116 866 243 962 deret,
274 867 323 942 ad
348 869 473 942 sedem
499 871 796 944 Cameracensem
818 869 983 968 pertrahi
1004 895 1092 943 eum

111 993 244 1093 jubet,
272 1007 317 1065 ut
352 991 405 1064 ibi
433 1019 543 1092 super
574 991 631 1064 his
660 992 805 1090 plenius
834 991 1088 1066 discuteretur.

114 1115 225 1190 Certo
239 1118 365 1214 itaque
379 1113 460 1207 die,
480 1117 603 1188 accitis
617 1113 817 1186 abbatibus
831 1129 868 1187 et
882 1113 1021 1187 clericis
1034 1141 1094 1188 sa-

112 1238 324 1335 pientibus,
340 1235 545 1336 productus
561 1239 600 1308 in
616 1235 808 1330 medio,de
822 1235 896 1309 fide
913 1236 1095 1311 catholica

113 1363 335 1459 exquiritur.
354 1361 425 1432 Sed
438 1360 499 1432 ille
512 1386 606 1434 verae
623 1359 850 1438 credulitatis
863 1363 1092 1434 sanctionem

111 1507 183 1580 per
203 1485 328 1556 omnia
349 1483 554 1583 profitetur.
577 1486 777 1582 Quumque
794 1482 929 1556 adhoc
950 1483 1093 1557 confir-

112 1603 296 1678 mandum
310 1607 496 1679 Dominici
512 1607 730 1678 sacramenti
746 1608 928 1705 particeps
946 1605 1026 1678 fieri
1042 1606 1089 1677 ab

113 1729 286 1828 episcopo
303 1743 536 1821 moneretur,
552 1728 704 1826 refugit,
721 1727 847 1801 dicens
864 1755 886 1799 a
903 1729 1009 1800 nullo
1024 1727 1095 1801 ab·

113 1849 260 1944 batum,
277 1877 345 1926 nec
362 1850 614 1943 sacerdotum,
631 1875 699 1924 nec
715 1853 825 1923 etiam
839 1850 886 1923 ab
900 1853 980 1949 ipso
1001 1854 1096 1950 epis-

114 1997 228 2072 copo,
259 1972 330 2048 hoc
348 1999 386 2047 se
406 1988 687 2073 percepturum,
707 1971 903 2072 quod,aut
917 1975 1095 2069 symoniae

114 2109 178 2166 aut
194 2095 356 2196 alicujus
378 2098 541 2169 avaritiae
564 2097 659 2168 nora
680 2093 843 2168 adstricti
866 2106 1093 2167 tenerentur.

114 2218 159 2289 lis
166 2216 288 2290 verbis
305 2243 432 2290 omnes
450 2221 490 2288 in
505 2220 559 2289 ira
574 2220 750 2289 commoti
764 2243 833 2317 pro
855 2216 1096 2292 haeresiarcha

113 2367 198 2414 cum
234 2340 403 2414 indicant
441 2339 588 2434 haberi3
630 2353 666 2413 et
701 2343 751 2413 ita
786 2340 983 2416 discessum
1024 2355 1089 2416 est.

113 2464 275 2557 Quidam
289 2490 377 2539 vero
391 2463 437 2537 de
452 2465 627 2538 ministris
643 2468 824 2565 episcopi,
844 2481 881 2539 et
901 2466 964 2538 alii
985 2467 1095 2540 multi

114 2585 355 2680 deducentes,
376 2613 462 2700 eurp
489 2589 527 2658 in
559 2586 748 2688 quoddam
769 2591 962 2688 tugurium
977 2589 1095 2663 indu-

113 2725 201 2784 cunt
229 2725 265 2783 et
293 2737 369 2784 non
399 2712 665 2804 reluctantem,
694 2712 758 2784 sed
777 2713 1007 2813 intrepidum
1032 2729 1092 2808 et,

112 2837 282 2928 utaiunt,
293 2837 330 2906 in
340 2839 505 2908 oratione
514 2847 737 2934 prostratum
746 2834 896 2907 admoto
908 2838 993 2934 igne
1008 2861 1094 2910 cum

114 2957 266 3055 tugurio
304 2959 596 3030 combusserunt.
630 2959 702 3049 Qui
740 2957 858 3030 multa
885 2961 1020 3032 fecerat
1054 2973 1094 3033 et

116 3076 312 3171 docuerat,
335 3077 397 3152 hic
419 3080 503 3152 finis
528 3084 619 3180 ejus.
645 3079 800 3150 Plurimi
827 3095 952 3156 tamen
973 3085 1096 3182 quisi

116 3199 347 3275 adhaeserant
365 3201 411 3274 de
426 3202 565 3275 ossibus
578 3216 614 3274 et
629 3201 782 3300 pulvere
799 3205 877 3301 ejus
893 3205 1036 3302 aliquid
1054 3208 1094 3278 si·

115 3321 153 3395 bi
168 3323 377 3421 rapiebant.
387 3326 442 3397 De
456 3329 514 3424 cuj
520 3349 560 3402 us
576 3337 672 3398 secta
686 3349 753 3423 per
767 3324 938 3423 quaedam
954 3325 1093 3425 oppida

116 3445 225 3518 multi
240 3460 392 3520 manent
405 3472 521 3546 usque
533 3445 669 3520 adhuc.
690 3449 738 3519 Et
755 3449 833 3546 ejus
850 3451 1001 3524 nomine
1015 3475 1093 3525 oen·

115 3582 242 3644 santur
259 3572 406 3646 textrini
421 3571 541 3671 operis
555 3568 703 3645 lucrum
717 3585 934 3648 exercentes.
