2932 4974
527 477 621 526 um
640 477 769 528 nulli&

417 781 591 961 illast,
636 829 827 910 oxxn.
878 915 882 925 ,

156 1131 200 1170 ss
212 1127 380 1172 ΔὩΠΊΘΙΙ
392 1123 505 1178 QUOQUE
517 1121 610 1165 HUIUS
626 1125 754 1166 ΏΙΩΟΡΕ
763 1125 893 1168 mmo
910 1125 1139 1188 Mum-PELU·
1156 1177 1159 1184 ,

444 1219 519 1264 τη.
537 1219 675 1261 (llum
699 1221 854 1262 ΤΙΛΜΤΙΙΙ.

157 1459 245 1572 Ao
270 1495 343 1570 boe
371 1521 519 1596 quoque
545 1495 714 1572 mensus
741 1477 1033 1575 ambitiosissime
1057 1503 1137 1600 jam

157 1615 526 1712 dudumsnhelabat,
538 1644 648 1718 quem
659 1620 1135 1720 postllothardidecessum,

156 1739 298 1839 Sophia
325 1739 490 1832 favente,
525 1743 752 1841 episcopatui
780 1742 938 1818 inbiasse
961 1744 1140 1844 praedixi-

161 1885 255 1933 mus.
265 1865 338 1955 Qui
350 1865 459 1936 etiam
475 1863 587 1962 paulo
602 1867 857 1963 antequamD.
870 1865 1083 1940 Erluwinus
1096 1892 1139 1945 ex

160 1983 234 2057 hoc
246 1985 380 2058 soeculo
395 1983 609 2076 decederet,
631 2011 708 2057 suae
729 1987 928 2059 ambitioni
948 1991 1140 2064 consulere

160 2109 360 2201 aestimans,
376 2131 462 2179 suos
478 2108 692 2204 imperatori
709 2106 846 2203 legatos
859 2106 1018 2206 dirigeto
1034 2109 1140 2184 festi-

160 2230 283 2320 navit,
318 2254 384 2326 per
419 2249 513 2326 quos
546 2228 626 2326 ejus
665 2226 961 2302 benevolentiam
990 2230 1139 2306 fortasse

155 2363 371 2448 empturus,
391 2347 439 2422 ad
453 2349 629 2449 episcopii
644 2352 928 2448 praerogativam
944 2355 1137 2450 pertinge-

150 2485 230 2544 ret.
246 2473 365 2570 Hujus
382 2473 505 2569 itaque
521 2472 622 2567 jussa
642 2487 879 2569 exequentes,
903 2475 1135 2572 imperatoris

156 2595 392 2692 praesentiam
417 2592 571 2690 aggressi
598 2605 703 2682 sunt,
718 2589 991 2691 dominumque
1007 2596 1136 2668 Erlui-

159 2721 250 2786 num
265 2716 377 2786 morti
393 2714 558 2786 vicinum
584 2714 819 2803 intimantes,
841 2716 1028 2812 promissis
1048 2741 1136 2788 ma-
1201 2793 1223 2802 ,,

154 2839 240 2936 gnis
268 2835 503 2927 muneribus,
534 2832 677 2906 donum
700 2837 876 2935 episcopii
897 2835 1048 2909 Azelino
1070 2863 1135 2911 ex-

157 2960 360 3058 postulant,
375 2973 418 3030 ut
431 2955 534 3056 quod
548 2971 630 3056 post
646 2955 880 3031 Rotbardum
898 2962 1128 3058 nequiverat,

156 3082 284 3156 saltem
311 3095 394 3180 post
420 3081 619 3153 Erluinum
639 3082 835 3179 impetrare
856 3105 960 3179 posse
979 3106 1016 3154 se
1036 3107 1132 3179 gau-

157 3203 258 3276 deat.
275 3208 367 3297 Qui,
384 3229 470 3277 cum
487 3201 599 3274 finem
617 3205 778 3299 episcopi
793 3215 981 3299 expectare
996 3208 1128 3298 rogati,

156 3351 244 3398 cum
262 3323 493 3424 aliquantula
513 3347 577 3420 spe
603 3323 866 3419 repatriarent,
896 3323 992 3392 inter
1022 3347 1132 3419 repa-

157 3444 346 3540 triandum
361 3499 372 3538 ,
388 3443 572 3544 siquidem
601 3442 870 3543 depositionem
899 3441 1044 3515 Erluini
1061 3469 1132 3516 au-

156 3568 317 3662 dientes,
347 3571 483 3641 iterum
512 3591 679 3640 remenso
707 3569 837 3638 itinere
871 3567 1130 3665 imperatorem

155 3690 348 3783 adierunt,
365 3688 634 3791 praesulemque
651 3685 866 3762 defunctum
886 3691 1127 3781 nunciantes,

155 3815 288 3888 oblatis
302 3815 467 3915 pretiosis
481 3810 712 3906 muneribus,
729 3810 870 3886 donum
884 3811 1035 3885 honoris
1044 3819 1132 3882 Aze-

151 3935 233 4012 lino
261 3935 395 4012 obnixe
421 3947 682 4036 poposcerunt.
709 3935 773 4010 llis
799 3951 922 4011 autem
949 3930 1128 4032 repulsis,
