2902 4972
871 447 1343 462 -ιυ--ιμ-ι--α--σ--σ--ιυ-

366 491 422 548 564
735 501 807 546 arr.
828 500 960 546 aursus

365 661 590 762 sumpserat)
615 678 762 763 recepto
788 691 938 766 quoque
958 663 1113 756 marito,
1129 659 1346 762 gaudenset

363 809 454 860 sana
468 787 644 862 remeavit
658 785 708 859 ad
724 791 890 889 propria.

727 1016 885 1200 dou.
940 1064 992 1139 v.
1100 1167 1105 1176 ,

396 1395 434 1436 Μ
451 1392 607 1436 urecolum
622 1392 713 1434 neom
729 1391 768 1432 ΕΤ
788 1391 1006 1434 alumnum-
1016 1393 1054 1434 ΒΕ
1066 1391 1171 1435 nom
1190 1393 1321 1436 ΟΠΛΙΝ.

369 1611 668 1722 flrmurmunos
696 1671 793 1748 papa
820 1671 983 1722 romanae
1015 1645 1093 1720 sedi
1124 1671 1216 1720 cum
1248 1651 1345 1720 omni

368 1773 545 1870 religione
574 1768 808 1869 praesidebat.
835 1768 907 1842 Sed
936 1773 1137 1869 imperator
1167 1771 1345 1842 Heurious

367 1919 532 1968 romanae
547 1893 706 1967 ecdesiae
730 1906 767 1964 et
790 1891 943 1966 decretis
964 1891 1172 1992 apostolicis
1191 1917 1345 1965 concor·
1437 1949 1438 1956 ,

368 2015 458 2089 dare
474 2013 636 2088 nolebat.
656 2019 736 2086 lmo
753 2016 1088 2088 excommunicatus
1104 2039 1238 2087 omnes
1261 2013 1345 2087 snb-

368 2136 465 2211 ditos
506 2163 613 2237 papae
649 2139 836 2236 episcopos
858 2137 1031 2234 vgraviter
1068 2136 1344 2234 insequebatur.

370 2263 463 2332 Nam
471 2255 841 2332 etantecessoress'uos
849 2247 983 2330 talibus
991 2255 1343 2358 decretisnunquam

369 2383 588 2455 consensisse
608 2379 771 2471 dicebat,
789 2383 877 2478 quia
898 2394 935 2452 et
952 2378 1173 2478 episcopalia
1191 2381 1345 2478 insignia

369 2504 474 2578 omni
498 2515 663 2602 tempore
682 2500 879 2574 dedissent.
904 2506 1083 2576 Praeterea
1102 2501 1245 2576 elatum
1266 2528 1343 2576 eum

368 2623 525 2698 faciebat
540 2627 694 2698 victoria
711 2649 785 2722 qua
801 2623 1003 2698 Rodulfum
1019 2623 1224 2723 quendam,
1235 2651 1342 2725 quem

369 2750 525 2822 Saxones
551 2747 640 2841 sibi,
665 2759 793 2820 contra
813 2771 917 2839 enm,
942 2771 1064 2844 regem
1085 2745 1340 2843 praefecerant,

370 2883 456 2942 ante
482 2895 598 2942 annos
622 2870 880 2968 quamplures,
908 2872 958 2942 in·
977 2869 1076 2943 bello
1101 2868 1341 2942 interfecerat.

369 2991 486 3064 Filius
500 3017 650 3092 quoque
663 2989 1344 3090 ejus,Henriousjuvenis,etltlarchisa
1423 3085 1437 3109 ¹,

370 3113 579 3206 Mathildis,
595 3114 808 3212 frequenter
824 3116 857 3186 ei
873 3113 1149 3212 quamplurima
1162 3112 1263 3184 bella
1279 3135 1343 3210 pa·
1436 3131 1437 3134 ’

369 3235 515 3310 rabant.
543 3237 660 3334 Igitur
686 3248 768 3332 post
794 3233 992 3334 praefatum
1026 3232 1340 3324 Hildebrandum,

370 3355 777 3455 0do,quietUrbanus,
787 3358 988 3428 inromana
1001 3354 1084 3428 sede
1095 3357 1342 3448 surremit,vir

368 3481 674 3577 sapientissimus,
694 3479 796 3576 prius
809 3480 995 3550 Remensis
1015 3479 1233 3571 canonicus,
1260 3501 1342 3576 pos-

369 3613 428 3673 tea
441 3601 687 3674 Clumacensis
704 3599 929 3693 monachus,
945 3599 1032 3674 dein
1050 3625 1146 3700 papa
1160 3614 1215 3674 est
1237 3599 1341 3674 elleo-

369 3735 441 3796 tus.
473 3724 542 3794 Hic
574 3747 641 3822 per
669 3726 795 3798 omnia
825 3723 1099 3824 praedecessoris
1117 3727 1192 3815 sui,
1220 3727 1260 3794 in
1284 3747 1341 3796 ec-

369 3845 574 3920 clesiasticis
602 3847 876 3940 sanctionibus,
913 3861 1057 3922 secutus
1090 3859 1142 3919 est
1177 3847 1337 3944 vestigia.

369 3970 583 4048 lismensem
597 3993 685 4046 vero
701 3970 912 4068 ecclesiam,
931 3985 1014 4072 post
1027 3967 1340 4062 (terruimus-
