<?xml version="1.0" encoding="UTF-8"?>
<!DOCTYPE html PUBLIC "-//W3C//DTD XHTML 1.0 Transitional//EN"
    "http://www.w3.org/TR/xhtml1/DTD/xhtml1-transitional.dtd">
<html xmlns="http://www.w3.org/1999/xhtml" xml:lang="en" lang="en">
 <head>
  <title>
</title>
<meta http-equiv="Content-Type" content="text/html;charset=utf-8" />
  <meta name='ocr-system' content='tesseract 3.04.00' />
  <meta name='ocr-capabilities' content='ocr_page ocr_carea ocr_par ocr_line ocrx_word'/>
</head>
<body>
  <div class='ocr_page' id='page_1' title='image "./chroniquedarras00glaygoog_0225.png"; bbox 0 0 2932 4974; ppageno 0'>
   <div class='ocr_carea' id='block_1_1' title="bbox 490 559 1102 616">
    <p class='ocr_par' dir='ltr' id='par_1_1' title="bbox 490 559 1102 616">
     <span class='ocr_line' id='line_1_1' title="bbox 490 559 1102 616; baseline -0.003 -10"><span class='ocrx_word' id='word_1_1' title='bbox 490 559 584 608; x_wconf 76' lang='lat' dir='ltr'><strong>rnen</strong></span> <span class='ocrx_word' id='word_1_2' title='bbox 600 561 728 608; x_wconf 77' lang='lat' dir='ltr'><strong>ramur.</strong></span> <span class='ocrx_word' id='word_1_3' title='bbox 1047 561 1102 616; x_wconf 63' lang='grc' dir='ltr'><strong>ιω</strong></span> 
     </span>
    </p>
   </div>
   <div class='ocr_carea' id='block_1_2' title="bbox 113 720 1111 4139">
    <p class='ocr_par' dir='ltr' id='par_1_2' title="bbox 113 720 1111 4139">
     <span class='ocr_line' id='line_1_2' title="bbox 115 720 1104 821; baseline -0.006 -27"><span class='ocrx_word' id='word_1_4' title='bbox 115 723 213 794; x_wconf 81' lang='lat' dir='ltr'><strong>ritas</strong></span> <span class='ocrx_word' id='word_1_5' title='bbox 239 732 495 819; x_wconf 72' lang='lat' dir='ltr'><strong>contemptum</strong></span> <span class='ocrx_word' id='word_1_6' title='bbox 509 720 620 818; x_wconf 86' lang='lat' dir='ltr'><strong>parit.</strong></span> <span class='ocrx_word' id='word_1_7' title='bbox 642 723 757 794; x_wconf 88' lang='lat' dir='ltr'><strong>Porro</strong></span> <span class='ocrx_word' id='word_1_8' title='bbox 771 745 858 796; x_wconf 88' lang='lat' dir='ltr'><strong>eum</strong></span> <span class='ocrx_word' id='word_1_9' title='bbox 872 723 962 821; x_wconf 75' lang='lat' dir='ltr'><strong>legio</strong></span> <span class='ocrx_word' id='word_1_10' title='bbox 979 727 1104 800; x_wconf 64' lang='lat' dir='ltr'><strong>obem.</strong></span> 
     </span>
     <span class='ocr_line' id='line_1_3' title="bbox 116 843 1103 942; baseline 0.008 -26"><span class='ocrx_word' id='word_1_11' title='bbox 116 843 288 916; x_wconf 76' lang='lat' dir='ltr'><strong>vantium</strong></span> <span class='ocrx_word' id='word_1_12' title='bbox 304 856 343 916; x_wconf 90' lang='lat' dir='ltr'><strong>et</strong></span> <span class='ocrx_word' id='word_1_13' title='bbox 352 844 507 941; x_wconf 75' lang='lat' dir='ltr'><strong>justitiae</strong></span> <span class='ocrx_word' id='word_1_14' title='bbox 528 865 699 918; x_wconf 88' lang='lat' dir='ltr'><strong>normam</strong></span> <span class='ocrx_word' id='word_1_15' title='bbox 717 867 825 942; x_wconf 77' lang='lat' dir='ltr'><strong>reque</strong></span> <span class='ocrx_word' id='word_1_16' title='bbox 848 845 1103 924; x_wconf 85' lang='lat' dir='ltr'><strong>moderamine</strong></span> 
     </span>
     <span class='ocr_line' id='line_1_4' title="bbox 115 963 1105 1066; baseline 0.002 -24"><span class='ocrx_word' id='word_1_17' title='bbox 115 979 327 1057; x_wconf 82' lang='lat' dir='ltr'><strong>exerceret,</strong></span> <span class='ocrx_word' id='word_1_18' title='bbox 342 989 431 1038; x_wconf 86' lang='lat' dir='ltr'><strong>mox</strong></span> <span class='ocrx_word' id='word_1_19' title='bbox 439 965 571 1041; x_wconf 88' lang='lat' dir='ltr'><strong>oborta</strong></span> <span class='ocrx_word' id='word_1_20' title='bbox 580 963 806 1063; x_wconf 74' lang='lat' dir='ltr'><strong>indignatio,</strong></span> <span class='ocrx_word' id='word_1_21' title='bbox 822 991 909 1042; x_wconf 82' lang='lat' dir='ltr'><strong>mox</strong></span> <span class='ocrx_word' id='word_1_22' title='bbox 922 966 968 1040; x_wconf 84' lang='lat' dir='ltr'><strong>de</strong></span> <span class='ocrx_word' id='word_1_23' title='bbox 979 997 1105 1066; x_wconf 73' lang='lat' dir='ltr'><strong>amore</strong></span> 
     </span>
     <span class='ocr_line' id='line_1_5' title="bbox 114 1083 1104 1178; baseline 0.003 -16"><span class='ocrx_word' id='word_1_24' title='bbox 114 1090 159 1164; x_wconf 90' lang='lat' dir='ltr'><strong>iu</strong></span> <span class='ocrx_word' id='word_1_25' title='bbox 176 1087 266 1164; x_wconf 88' lang='lat' dir='ltr'><strong>odia</strong></span> <span class='ocrx_word' id='word_1_26' title='bbox 282 1086 443 1178; x_wconf 84' lang='lat' dir='ltr'><strong>efferati,</strong></span> <span class='ocrx_word' id='word_1_27' title='bbox 462 1099 505 1160; x_wconf 87' lang='lat' dir='ltr'><strong>ut</strong></span> <span class='ocrx_word' id='word_1_28' title='bbox 523 1112 561 1161; x_wconf 77' lang='lat' dir='ltr'><strong>re</strong></span> <span class='ocrx_word' id='word_1_29' title='bbox 578 1083 690 1160; x_wconf 86' lang='lat' dir='ltr'><strong>habet</strong></span> <span class='ocrx_word' id='word_1_30' title='bbox 704 1111 835 1162; x_wconf 89' lang='lat' dir='ltr'><strong>eorum</strong></span> <span class='ocrx_word' id='word_1_31' title='bbox 854 1086 999 1164; x_wconf 65' lang='lat' dir='ltr'><strong>efflante</strong></span> <span class='ocrx_word' id='word_1_32' title='bbox 1016 1085 1104 1166; x_wconf 75' lang='lat' dir='ltr'><strong>inae·</strong></span> 
     </span>
     <span class='ocr_line' id='line_1_6' title="bbox 114 1208 1101 1310; baseline 0.002 -26"><span class='ocrx_word' id='word_1_33' title='bbox 114 1212 285 1310; x_wconf 75' lang='lat' dir='ltr'><strong>qualitas</strong></span> <span class='ocrx_word' id='word_1_34' title='bbox 298 1233 466 1301; x_wconf 87' lang='lat' dir='ltr'><strong>morum,</strong></span> <span class='ocrx_word' id='word_1_35' title='bbox 482 1209 681 1286; x_wconf 70' lang='lat' dir='ltr'><strong>amicitiam</strong></span> <span class='ocrx_word' id='word_1_36' title='bbox 701 1208 881 1288; x_wconf 66' lang='lat' dir='ltr'><strong>reditum</strong></span> <span class='ocrx_word' id='word_1_37' title='bbox 894 1227 1101 1287; x_wconf 79' lang='lat' dir='ltr'><strong>mutarunt.</strong></span> 
     </span>
     <span class='ocr_line' id='line_1_7' title="bbox 113 1329 1101 1432; baseline 0.003 -26"><span class='ocrx_word' id='word_1_38' title='bbox 113 1337 321 1432; x_wconf 85' lang='lat' dir='ltr'><strong>Tantoque</strong></span> <span class='ocrx_word' id='word_1_39' title='bbox 336 1357 506 1432; x_wconf 70' lang='lat' dir='ltr'><strong>prooeern</strong></span> <span class='ocrx_word' id='word_1_40' title='bbox 516 1333 632 1406; x_wconf 84' lang='lat' dir='ltr'><strong>erevit</strong></span> <span class='ocrx_word' id='word_1_41' title='bbox 646 1329 849 1426; x_wconf 75' lang='lat' dir='ltr'><strong>diueordia,</strong></span> <span class='ocrx_word' id='word_1_42' title='bbox 865 1348 909 1406; x_wconf 89' lang='lat' dir='ltr'><strong>ut</strong></span> <span class='ocrx_word' id='word_1_43' title='bbox 921 1335 1019 1409; x_wconf 79' lang='lat' dir='ltr'><strong>fanto</strong></span> <span class='ocrx_word' id='word_1_44' title='bbox 1035 1339 1101 1410; x_wconf 85' lang='lat' dir='ltr'><strong>im·</strong></span> 
     </span>
     <span class='ocr_line' id='line_1_8' title="bbox 113 1451 1100 1556; baseline 0.003 -28"><span class='ocrx_word' id='word_1_45' title='bbox 113 1469 237 1554; x_wconf 89' lang='lat' dir='ltr'><strong>petu,</strong></span> <span class='ocrx_word' id='word_1_46' title='bbox 251 1451 666 1556; x_wconf 62' lang='lat' dir='ltr'><strong>Mazelinumffltondam</strong></span> <span class='ocrx_word' id='word_1_47' title='bbox 677 1455 899 1555; x_wconf 78' lang='lat' dir='ltr'><strong>praeclarum</strong></span> <span class='ocrx_word' id='word_1_48' title='bbox 909 1459 1100 1554; x_wconf 88' lang='lat' dir='ltr'><strong>juvenem,</strong></span> 
     </span>
     <span class='ocr_line' id='line_1_9' title="bbox 113 1575 1104 1681; baseline 0.004 -31"><span class='ocrx_word' id='word_1_49' title='bbox 113 1579 339 1677; x_wconf 81' lang='lat' dir='ltr'><strong>imperaton&#39;</strong></span> <span class='ocrx_word' id='word_1_50' title='bbox 352 1575 592 1673; x_wconf 70' lang='lat' dir='ltr'><strong>familiarem,</strong></span> <span class='ocrx_word' id='word_1_51' title='bbox 608 1581 846 1676; x_wconf 80' lang='lat' dir='ltr'><strong>perimerent.</strong></span> <span class='ocrx_word' id='word_1_52' title='bbox 876 1579 1048 1681; x_wconf 83' lang='lat' dir='ltr'><strong>Denique</strong></span> <span class='ocrx_word' id='word_1_53' title='bbox 1067 1595 1104 1655; x_wconf 87' lang='lat' dir='ltr'><strong>et</strong></span> 
     </span>
     <span class='ocr_line' id='line_1_10' title="bbox 116 1701 1103 1802; baseline 0.004 -28"><span class='ocrx_word' id='word_1_54' title='bbox 116 1701 245 1799; x_wconf 80' lang='lat' dir='ltr'><strong>iprum</strong></span> <span class='ocrx_word' id='word_1_55' title='bbox 257 1701 533 1798; x_wconf 77' lang='lat' dir='ltr'><strong>imperatorem,</strong></span> <span class='ocrx_word' id='word_1_56' title='bbox 548 1715 674 1776; x_wconf 77' lang='lat' dir='ltr'><strong>macta</strong></span> <span class='ocrx_word' id='word_1_57' title='bbox 687 1724 803 1776; x_wconf 81' lang='lat' dir='ltr'><strong>manu</strong></span> <span class='ocrx_word' id='word_1_58' title='bbox 818 1701 956 1795; x_wconf 81' lang='lat' dir='ltr'><strong>valida,</strong></span> <span class='ocrx_word' id='word_1_59' title='bbox 972 1705 1012 1776; x_wconf 89' lang='lat' dir='ltr'><strong>in</strong></span> <span class='ocrx_word' id='word_1_60' title='bbox 1023 1707 1103 1802; x_wconf 82' lang='lat' dir='ltr'><strong>jam</strong></span> 
     </span>
     <span class='ocr_line' id='line_1_11' title="bbox 119 1819 1104 1925; baseline 0.001 -26"><span class='ocrx_word' id='word_1_61' title='bbox 119 1823 225 1900; x_wconf 87' lang='lat' dir='ltr'><strong>dioto</strong></span> <span class='ocrx_word' id='word_1_62' title='bbox 239 1825 378 1923; x_wconf 86' lang='lat' dir='ltr'><strong>palatio</strong></span> <span class='ocrx_word' id='word_1_63' title='bbox 391 1827 452 1904; x_wconf 21' lang='lat' dir='ltr'><strong>,ita</strong></span> <span class='ocrx_word' id='word_1_64' title='bbox 467 1823 627 1904; x_wconf 71' lang='lat' dir='ltr'><strong>clausere</strong></span> <span class='ocrx_word' id='word_1_65' title='bbox 641 1851 709 1925; x_wconf 88' lang='lat' dir='ltr'><strong>per</strong></span> <span class='ocrx_word' id='word_1_66' title='bbox 724 1825 915 1920; x_wconf 88' lang='lat' dir='ltr'><strong>triduum,</strong></span> <span class='ocrx_word' id='word_1_67' title='bbox 931 1819 976 1900; x_wconf 80' lang='lat' dir='ltr'><strong>ut</strong></span> <span class='ocrx_word' id='word_1_68' title='bbox 989 1852 1058 1902; x_wconf 85' lang='lat' dir='ltr'><strong>nee</strong></span> <span class='ocrx_word' id='word_1_69' title='bbox 1071 1832 1104 1902; x_wconf 86' lang='lat' dir='ltr'><strong>ei</strong></span> 
     </span>
     <span class='ocr_line' id='line_1_12' title="bbox 121 1947 1105 2049; baseline 0 -25"><span class='ocrx_word' id='word_1_70' title='bbox 121 1948 302 2024; x_wconf 82' lang='lat' dir='ltr'><strong>alimenta</strong></span> <span class='ocrx_word' id='word_1_71' title='bbox 321 1947 429 2040; x_wconf 81' lang='lat' dir='ltr'><strong>ferri,</strong></span> <span class='ocrx_word' id='word_1_72' title='bbox 458 1971 526 2024; x_wconf 87' lang='lat' dir='ltr'><strong>nee</strong></span> <span class='ocrx_word' id='word_1_73' title='bbox 542 1952 626 2049; x_wconf 79' lang='lat' dir='ltr'><strong>quie</strong></span> <span class='ocrx_word' id='word_1_74' title='bbox 641 1963 706 2022; x_wconf 86' lang='lat' dir='ltr'><strong>aut</strong></span> <span class='ocrx_word' id='word_1_75' title='bbox 725 1952 841 2042; x_wconf 81' lang='lat' dir='ltr'><strong>exire,</strong></span> <span class='ocrx_word' id='word_1_76' title='bbox 864 1963 931 2022; x_wconf 86' lang='lat' dir='ltr'><strong>aut</strong></span> <span class='ocrx_word' id='word_1_77' title='bbox 951 1953 1105 2024; x_wconf 88' lang='lat' dir='ltr'><strong>introire</strong></span> 
     </span>
     <span class='ocr_line' id='line_1_13' title="bbox 121 2069 1103 2172; baseline 0.001 -27"><span class='ocrx_word' id='word_1_78' title='bbox 121 2069 174 2146; x_wconf 86' lang='lat' dir='ltr'><strong>ad</strong></span> <span class='ocrx_word' id='word_1_79' title='bbox 199 2070 308 2144; x_wconf 91' lang='lat' dir='ltr'><strong>illum</strong></span> <span class='ocrx_word' id='word_1_80' title='bbox 325 2073 503 2172; x_wconf 89' lang='lat' dir='ltr'><strong>potnerit.</strong></span> <span class='ocrx_word' id='word_1_81' title='bbox 531 2073 674 2170; x_wconf 80' lang='lat' dir='ltr'><strong>Vixque</strong></span> <span class='ocrx_word' id='word_1_82' title='bbox 690 2073 857 2144; x_wconf 79' lang='lat' dir='ltr'><strong>eraeiraet</strong></span> <span class='ocrx_word' id='word_1_83' title='bbox 875 2073 1103 2169; x_wconf 84' lang='lat' dir='ltr'><strong>periculum,</strong></span> 
     </span>
     <span class='ocr_line' id='line_1_14' title="bbox 124 2195 1107 2295; baseline -0.002 -25"><span class='ocrx_word' id='word_1_84' title='bbox 124 2197 168 2270; x_wconf 91' lang='lat' dir='ltr'><strong>ui</strong></span> <span class='ocrx_word' id='word_1_85' title='bbox 179 2197 362 2290; x_wconf 86' lang='lat' dir='ltr'><strong>Einricus‚</strong></span> <span class='ocrx_word' id='word_1_86' title='bbox 378 2195 456 2268; x_wconf 84' lang='lat' dir='ltr'><strong>dux</strong></span> <span class='ocrx_word' id='word_1_87' title='bbox 468 2196 661 2294; x_wconf 73' lang='lat' dir='ltr'><strong>bajoariae,</strong></span> <span class='ocrx_word' id='word_1_88' title='bbox 676 2197 762 2292; x_wconf 81' lang='lat' dir='ltr'><strong>qui,</strong></span> <span class='ocrx_word' id='word_1_89' title='bbox 777 2197 873 2266; x_wconf 91' lang='lat' dir='ltr'><strong>utin</strong></span> <span class='ocrx_word' id='word_1_90' title='bbox 887 2217 1107 2295; x_wconf 68' lang='lat' dir='ltr'><strong>consequen-</strong></span> 
     </span>
     <span class='ocr_line' id='line_1_15' title="bbox 123 2317 1107 2421; baseline -0.004 -25"><span class='ocrx_word' id='word_1_91' title='bbox 123 2321 226 2397; x_wconf 84' lang='lat' dir='ltr'><strong>tibur</strong></span> <span class='ocrx_word' id='word_1_92' title='bbox 238 2321 375 2420; x_wconf 85' lang='lat' dir='ltr'><strong>liquet,</strong></span> <span class='ocrx_word' id='word_1_93' title='bbox 391 2319 590 2421; x_wconf 68' lang='lat' dir='ltr'><strong>posthunc</strong></span> <span class='ocrx_word' id='word_1_94' title='bbox 604 2318 855 2418; x_wconf 74' lang='lat' dir='ltr'><strong>infularregni</strong></span> <span class='ocrx_word' id='word_1_95' title='bbox 868 2317 1012 2412; x_wconf 87' lang='lat' dir='ltr'><strong>induit,</strong></span> <span class='ocrx_word' id='word_1_96' title='bbox 1029 2321 1107 2392; x_wconf 81' lang='lat' dir='ltr'><strong>Hu-</strong></span> 
     </span>
     <span class='ocr_line' id='line_1_16' title="bbox 123 2441 1107 2544; baseline -0.002 -26"><span class='ocrx_word' id='word_1_97' title='bbox 123 2470 248 2544; x_wconf 74' lang='lat' dir='ltr'><strong>goque</strong></span> <span class='ocrx_word' id='word_1_98' title='bbox 262 2442 430 2518; x_wconf 83' lang='lat' dir='ltr'><strong>marchio</strong></span> <span class='ocrx_word' id='word_1_99' title='bbox 449 2443 583 2532; x_wconf 83' lang='lat' dir='ltr'><strong>Italiae,</strong></span> <span class='ocrx_word' id='word_1_100' title='bbox 600 2456 765 2542; x_wconf 86' lang='lat' dir='ltr'><strong>ternpore</strong></span> <span class='ocrx_word' id='word_1_101' title='bbox 783 2441 1037 2518; x_wconf 73' lang='lat' dir='ltr'><strong>subvenirent.</strong></span> <span class='ocrx_word' id='word_1_102' title='bbox 1058 2445 1107 2516; x_wconf 87' lang='lat' dir='ltr'><strong>Hi</strong></span> 
     </span>
     <span class='ocr_line' id='line_1_17' title="bbox 125 2567 1102 2658; baseline 0 -20"><span class='ocrx_word' id='word_1_103' title='bbox 125 2569 329 2658; x_wconf 88' lang='lat' dir='ltr'><strong>nimirum,</strong></span> <span class='ocrx_word' id='word_1_104' title='bbox 344 2568 439 2642; x_wconf 83' lang='lat' dir='ltr'><strong>riout</strong></span> <span class='ocrx_word' id='word_1_105' title='bbox 455 2569 494 2638; x_wconf 91' lang='lat' dir='ltr'><strong>in</strong></span> <span class='ocrx_word' id='word_1_106' title='bbox 508 2567 582 2640; x_wconf 74' lang='lat' dir='ltr'><strong>ruis</strong></span> <span class='ocrx_word' id='word_1_107' title='bbox 595 2567 720 2640; x_wconf 77' lang='lat' dir='ltr'><strong>cestrie</strong></span> <span class='ocrx_word' id='word_1_108' title='bbox 742 2567 964 2638; x_wconf 68' lang='lat' dir='ltr'><strong>extrinsecus</strong></span> <span class='ocrx_word' id='word_1_109' title='bbox 977 2579 1102 2658; x_wconf 86' lang='lat' dir='ltr'><strong>erant,</strong></span> 
     </span>
     <span class='ocr_line' id='line_1_18' title="bbox 123 2687 1105 2785; baseline -0.004 -21"><span class='ocrx_word' id='word_1_110' title='bbox 123 2689 249 2764; x_wconf 80' lang='lat' dir='ltr'><strong>subita</strong></span> <span class='ocrx_word' id='word_1_111' title='bbox 263 2715 389 2765; x_wconf 86' lang='lat' dir='ltr'><strong>rernm</strong></span> <span class='ocrx_word' id='word_1_112' title='bbox 410 2691 647 2764; x_wconf 82' lang='lat' dir='ltr'><strong>conversione</strong></span> <span class='ocrx_word' id='word_1_113' title='bbox 672 2689 839 2780; x_wconf 72' lang='lat' dir='ltr'><strong>attoniti,</strong></span> <span class='ocrx_word' id='word_1_114' title='bbox 861 2687 954 2785; x_wconf 90' lang='lat' dir='ltr'><strong>qnid</strong></span> <span class='ocrx_word' id='word_1_115' title='bbox 975 2690 1105 2760; x_wconf 84' lang='lat' dir='ltr'><strong>inten-</strong></span> 
     </span>
     <span class='ocr_line' id='line_1_19' title="bbox 126 2806 1108 2910; baseline -0.007 -22"><span class='ocrx_word' id='word_1_116' title='bbox 126 2811 261 2888; x_wconf 88' lang='lat' dir='ltr'><strong>derent</strong></span> <span class='ocrx_word' id='word_1_117' title='bbox 277 2809 517 2905; x_wconf 80' lang='lat' dir='ltr'><strong>addubitant,</strong></span> <span class='ocrx_word' id='word_1_118' title='bbox 534 2823 838 2910; x_wconf 72' lang='lat' dir='ltr'><strong>praeruptumque</strong></span> <span class='ocrx_word' id='word_1_119' title='bbox 858 2806 1021 2880; x_wconf 79' lang='lat' dir='ltr'><strong>bostium</strong></span> <span class='ocrx_word' id='word_1_120' title='bbox 1036 2833 1108 2881; x_wconf 81' lang='lat' dir='ltr'><strong>au-</strong></span> 
     </span>
     <span class='ocr_line' id='line_1_20' title="bbox 127 2927 1105 3030; baseline -0.002 -24"><span class='ocrx_word' id='word_1_121' title='bbox 127 2933 298 3026; x_wconf 83' lang='lat' dir='ltr'><strong>daciam,</strong></span> <span class='ocrx_word' id='word_1_122' title='bbox 327 2932 447 3008; x_wconf 76' lang='lat' dir='ltr'><strong>verbis</strong></span> <span class='ocrx_word' id='word_1_123' title='bbox 475 2932 677 3008; x_wconf 74' lang='lat' dir='ltr'><strong>consultior</strong></span> <span class='ocrx_word' id='word_1_124' title='bbox 712 2927 956 3030; x_wconf 75' lang='lat' dir='ltr'><strong>mitigandam</strong></span> <span class='ocrx_word' id='word_1_125' title='bbox 991 2953 1105 3030; x_wconf 86' lang='lat' dir='ltr'><strong>quam</strong></span> 
     </span>
     <span class='ocr_line' id='line_1_21' title="bbox 125 3053 1105 3152; baseline -0.006 -22"><span class='ocrx_word' id='word_1_126' title='bbox 125 3057 240 3130; x_wconf 73' lang='lat' dir='ltr'><strong>armis</strong></span> <span class='ocrx_word' id='word_1_127' title='bbox 257 3057 438 3130; x_wconf 80' lang='lat' dir='ltr'><strong>aestimant</strong></span> <span class='ocrx_word' id='word_1_128' title='bbox 463 3053 708 3130; x_wconf 84' lang='lat' dir='ltr'><strong>excitandam.</strong></span> <span class='ocrx_word' id='word_1_129' title='bbox 732 3055 876 3126; x_wconf 85' lang='lat' dir='ltr'><strong>Horum</strong></span> <span class='ocrx_word' id='word_1_130' title='bbox 898 3055 1023 3152; x_wconf 84' lang='lat' dir='ltr'><strong>itaque</strong></span> <span class='ocrx_word' id='word_1_131' title='bbox 1041 3053 1105 3124; x_wconf 84' lang='lat' dir='ltr'><strong>fn-</strong></span> 
     </span>
     <span class='ocr_line' id='line_1_22' title="bbox 127 3175 1106 3277; baseline -0.004 -25"><span class='ocrx_word' id='word_1_132' title='bbox 127 3201 251 3252; x_wconf 84' lang='lat' dir='ltr'><strong>rorem</strong></span> <span class='ocrx_word' id='word_1_133' title='bbox 263 3177 415 3277; x_wconf 79' lang='lat' dir='ltr'><strong>pacifice</strong></span> <span class='ocrx_word' id='word_1_134' title='bbox 431 3180 710 3267; x_wconf 81' lang='lat' dir='ltr'><strong>eonvenientes,</strong></span> <span class='ocrx_word' id='word_1_135' title='bbox 731 3175 932 3248; x_wconf 87' lang='lat' dir='ltr'><strong>verborum</strong></span> <span class='ocrx_word' id='word_1_136' title='bbox 950 3175 1106 3248; x_wconf 86' lang='lat' dir='ltr'><strong>mollitie</strong></span> 
     </span>
     <span class='ocr_line' id='line_1_23' title="bbox 130 3299 1104 3399; baseline -0.004 -27"><span class='ocrx_word' id='word_1_137' title='bbox 130 3299 286 3393; x_wconf 85' lang='lat' dir='ltr'><strong>lactant,</strong></span> <span class='ocrx_word' id='word_1_138' title='bbox 320 3299 556 3399; x_wconf 75' lang='lat' dir='ltr'><strong>dicentesque</strong></span> <span class='ocrx_word' id='word_1_139' title='bbox 583 3325 620 3374; x_wconf 72' lang='lat' dir='ltr'><strong>re</strong></span> <span class='ocrx_word' id='word_1_140' title='bbox 646 3323 776 3398; x_wconf 84' lang='lat' dir='ltr'><strong>pacem</strong></span> <span class='ocrx_word' id='word_1_141' title='bbox 803 3300 1104 3395; x_wconf 68' lang='lat' dir='ltr'><strong>interposituros,</strong></span> 
     </span>
     <span class='ocr_line' id='line_1_24' title="bbox 129 3419 1107 3519; baseline -0.007 -21"><span class='ocrx_word' id='word_1_142' title='bbox 129 3421 274 3498; x_wconf 84' lang='lat' dir='ltr'><strong>aditum</strong></span> <span class='ocrx_word' id='word_1_143' title='bbox 295 3423 414 3498; x_wconf 76' lang='lat' dir='ltr'><strong>uoluta</strong></span> <span class='ocrx_word' id='word_1_144' title='bbox 442 3421 635 3496; x_wconf 68' lang='lat' dir='ltr'><strong>obsidione</strong></span> <span class='ocrx_word' id='word_1_145' title='bbox 662 3422 924 3519; x_wconf 88' lang='lat' dir='ltr'><strong>impetrarunt.</strong></span> <span class='ocrx_word' id='word_1_146' title='bbox 953 3421 1024 3511; x_wconf 87' lang='lat' dir='ltr'><strong>Qui</strong></span> <span class='ocrx_word' id='word_1_147' title='bbox 1059 3419 1107 3491; x_wconf 86' lang='lat' dir='ltr'><strong>ad</strong></span> 
     </span>
     <span class='ocr_line' id='line_1_25' title="bbox 128 3540 1109 3644; baseline -0.005 -25"><span class='ocrx_word' id='word_1_148' title='bbox 128 3549 312 3620; x_wconf 85' lang='lat' dir='ltr'><strong>seniorem</strong></span> <span class='ocrx_word' id='word_1_149' title='bbox 323 3549 474 3644; x_wconf 69' lang='lat' dir='ltr'><strong>ingressi</strong></span> <span class='ocrx_word' id='word_1_150' title='bbox 492 3569 647 3620; x_wconf 87' lang='lat' dir='ltr'><strong>manum</strong></span> <span class='ocrx_word' id='word_1_151' title='bbox 670 3540 922 3616; x_wconf 73' lang='lat' dir='ltr'><strong>obsidentium</strong></span> <span class='ocrx_word' id='word_1_152' title='bbox 946 3542 1109 3614; x_wconf 79' lang='lat' dir='ltr'><strong>invinci-</strong></span> 
     </span>
     <span class='ocr_line' id='line_1_26' title="bbox 128 3664 1109 3766; baseline -0.006 -24"><span class='ocrx_word' id='word_1_153' title='bbox 128 3669 266 3762; x_wconf 85' lang='lat' dir='ltr'><strong>bilem,</strong></span> <span class='ocrx_word' id='word_1_154' title='bbox 282 3668 425 3742; x_wconf 85' lang='lat' dir='ltr'><strong>nullam</strong></span> <span class='ocrx_word' id='word_1_155' title='bbox 441 3667 512 3744; x_wconf 79' lang='lat' dir='ltr'><strong>sibi</strong></span> <span class='ocrx_word' id='word_1_156' title='bbox 534 3681 651 3740; x_wconf 88' lang='lat' dir='ltr'><strong>tutam</strong></span> <span class='ocrx_word' id='word_1_157' title='bbox 668 3691 792 3766; x_wconf 80' lang='lat' dir='ltr'><strong>rpem,</strong></span> <span class='ocrx_word' id='word_1_158' title='bbox 815 3666 885 3738; x_wconf 77' lang='lat' dir='ltr'><strong>nisi</strong></span> <span class='ocrx_word' id='word_1_159' title='bbox 905 3664 1109 3763; x_wconf 72' lang='lat' dir='ltr'><strong>transfugio</strong></span> 
     </span>
     <span class='ocr_line' id='line_1_27' title="bbox 130 3787 1111 3890; baseline -0.006 -26"><span class='ocrx_word' id='word_1_160' title='bbox 130 3793 355 3866; x_wconf 85' lang='lat' dir='ltr'><strong>intimarunt</strong></span> <span class='ocrx_word' id='word_1_161' title='bbox 372 3819 381 3864; x_wconf 73' lang='grc' dir='ltr'><em>τ</em></span> <span class='ocrx_word' id='word_1_162' title='bbox 398 3790 556 3890; x_wconf 86' lang='lat' dir='ltr'><strong>ideoque</strong></span> <span class='ocrx_word' id='word_1_163' title='bbox 574 3793 716 3890; x_wconf 77' lang='lat' dir='ltr'><strong>iprum,</strong></span> <span class='ocrx_word' id='word_1_164' title='bbox 740 3789 834 3862; x_wconf 83' lang='lat' dir='ltr'><strong>elam</strong></span> <span class='ocrx_word' id='word_1_165' title='bbox 850 3787 1111 3878; x_wconf 51' lang='lat' dir='ltr'><strong>bonihomin-</strong></span> 
     </span>
     <span class='ocr_line' id='line_1_28' title="bbox 130 3913 1110 4012; baseline -0.009 -24"><span class='ocrx_word' id='word_1_166' title='bbox 130 3941 189 3990; x_wconf 80' lang='lat' dir='ltr'><strong>ras</strong></span> <span class='ocrx_word' id='word_1_167' title='bbox 203 3914 337 4000; x_wconf 85' lang='lat' dir='ltr'><strong>eallide</strong></span> <span class='ocrx_word' id='word_1_168' title='bbox 352 3913 572 3990; x_wconf 82' lang='lat' dir='ltr'><strong>eduxerunt.</strong></span> <span class='ocrx_word' id='word_1_169' title='bbox 597 3914 656 3986; x_wconf 84' lang='lat' dir='ltr'><strong>Sin</strong></span> <span class='ocrx_word' id='word_1_170' title='bbox 668 3915 792 4012; x_wconf 86' lang='lat' dir='ltr'><strong>itaque</strong></span> <span class='ocrx_word' id='word_1_171' title='bbox 809 3915 1110 4010; x_wconf 83' lang='lat' dir='ltr'><strong>imporatoreum</strong></span> 
     </span>
     <span class='ocr_line' id='line_1_29' title="bbox 131 4029 1108 4139; baseline -0.009 -28"><span class='ocrx_word' id='word_1_172' title='bbox 131 4039 315 4116; x_wconf 83' lang='lat' dir='ltr'><strong>Gerberto</strong></span> <span class='ocrx_word' id='word_1_173' title='bbox 335 4063 453 4139; x_wconf 86' lang='lat' dir='ltr'><strong>papa,</strong></span> <span class='ocrx_word' id='word_1_174' title='bbox 482 4039 546 4137; x_wconf 86' lang='lat' dir='ltr'><strong>qui</strong></span> <span class='ocrx_word' id='word_1_175' title='bbox 574 4035 906 4136; x_wconf 80' lang='lat' dir='ltr'><strong>cognominabatur</strong></span> <span class='ocrx_word' id='word_1_176' title='bbox 922 4029 1108 4121; x_wconf 81' lang='lat' dir='ltr'><strong>Silveeter,</strong></span> 
     </span>
    </p>
   </div>
   <div class='ocr_carea' id='block_1_3' title="bbox 0 0 1486 4974">
    <p class='ocr_par' dir='ltr' id='par_1_3' title="bbox 0 0 1486 4974">
     <span class='ocr_line' id='line_1_30' title="bbox 0 0 1486 4974; baseline 0 0"><span class='ocrx_word' id='word_1_177' title='bbox 0 0 1486 4974; x_wconf 95' lang='lat' dir='ltr'><strong> </strong></span> 
     </span>
    </p>
   </div>
  </div>
 </body>
</html>
