3044 4968
1295 481 1406 497 -ι-ιιι-

418 487 479 579 Ι146
565 565 579 588 ,
716 527 835 575 canon.
857 527 936 576 care.
959 529 1002 576 rr
1019 529 1096 576 arn.

420 695 589 798 quandiu
605 707 832 795 receptatur,
853 695 978 797 ibique
993 709 1121 795 rogato
1134 695 1294 792 auxilio,
1315 713 1407 772 tan-

421 836 496 893 tam
522 819 721 894 satellitum
750 821 895 918 copiam
916 819 987 892 sibi
1015 819 1226 918 conjunxit,
1257 835 1305 894 ut
1334 823 1406 896 ali-

420 942 572 1044 quando
586 941 737 1016 occultis
749 939 890 1015 insidiis
905 940 979 1014 huc
994 939 1040 1014 de
1055 943 1257 1042 improviso
1271 969 1405 1018 erum-

420 1091 530 1168 pens,
554 1065 657 1140 villas
687 1063 798 1164 hujus
822 1067 967 1138 viciniae
996 1066 1128 1137 misera
1156 1066 1404 1166 populatione

419 1203 588 1265 vastaret.
614 1187 721 1260 Unde
745 1187 908 1287 pontifex
931 1189 1153 1287 plerumque
1175 1193 1400 1288 exterritus,

419 1337 584 1416 quonam
604 1307 718 1384 modo
741 1325 852 1384 tantae
876 1313 1115 1384 immanitatis
1134 1311 1321 1388 latronem
1341 1339 1402 1388 re-

417 1439 579 1540 primere
606 1435 744 1536 possit,
776 1433 928 1508 diversos
957 1435 1121 1508 motibus
1150 1434 1401 1510 meditationis

417 1561 609 1633 excitetur.
628 1559 715 1632 Haec
729 1557 836 1630 illum
854 1560 1096 1657 cogitantem,
1115 1559 1302 1634 Walterus
1316 1564 1400 1662 qui-

418 1680 505 1756 dam
518 1685 690 1756 Lenensis
702 1682 811 1755 castri
831 1679 1008 1775 vasallus,
1029 1685 1135 1782 juxta
1157 1685 1396 1758 eminentiam

417 1805 599 1880 saecularis
615 1807 791 1906 potentiae
813 1805 953 1898 clarus,
971 1803 1036 1878 sed
1054 1809 1213 1880 versuna
1234 1823 1275 1880 et
1293 1807 1399 1882 calli-

418 1927 533 2002 ditate
547 1927 684 2028 ingenii
709 1927 859 2028 plenus,
882 1925 1086 2000 factionum
1106 1931 1307 2029 stipamine
1327 1933 1397 2004 cir·

416 2053 622 2146 cumvenit,
636 2050 823 2153 pollicitus
833 2073 919 2124 sanc
933 2047 1056 2152 quod,
1070 2053 1099 2124 si
1111 2051 1272 2126 filiosuo
1282 2055 1396 2154 sequi·

416 2199 508 2249 voco
524 2173 706 2275 quicquid
724 2170 914 2246 lohannes
936 2173 1084 2246 tenebat
1104 2173 1393 2266 beneficiaverit,

416 2321 598 2397 eumque,
616 2297 696 2368 vice
708 2294 909 2388 lohannis,
924 2293 1122 2384 adsciscere
1133 2296 1304 2390 voluerit,
1314 2298 1395 2368 totis

415 2419 557 2494 viribus
589 2416 726 2490 urbem
751 2431 963 2491 constanter
989 2417 1184 2492 adversum
1212 2419 1390 2521 impetum

401 2539 514 2614 'illius
529 2537 737 2638 tyrannidis
749 2535 970 2628 defensaret,
992 2543 1189 2642 ipsumque
1210 2540 1391 2642 freqsrenu

412 2664 683 2764 expugnatione
697 2659 921 2735 devinceret.
940 2661 1062 2754 Quare
1082 2661 1188 2736 laetus
1204 2666 1389 2764 episcopus

414 2785 521 2858 illum
536 2787 693 2884 recepit,
710 2781 774 2857 sed
786 2797 824 2856 et
839 2781 943 2884 quod
965 2784 1118 2882 rogabat
1138 2785 1278 2889 absque
1296 2783 1390 2858 dilli-

414 2907 550 2983 cultate
569 2909 604 2978 ei
622 2903 862 2978 contradidit.
890 2907 964 2998 Qui
985 2921 1109 2979 umen
1130 2921 1257 3008 postea
1277 2906 1387 2982 verbis

413 3025 600 3131 praedictae
614 3029 864 3128 promissionis
881 3025 995 3102 fidem
1008 3027 1202 3128 derogans,
1219 3055 1298 3104 non
1310 3045 1386 3104 tsn-

415 3166 496 3225 tum
522 3155 738 3253 episcopum
768 3175 846 3222 non
861 3153 1028 3251 juvavit,
1052 3149 1117 3226 sed
1139 3155 1251 3226 etiarn
1273 3154 1387 3256 priors

412 3277 621 3368 molestior,
638 3275 763 3375 plures
788 3288 825 3348 et
848 3273 1007 3350 diversas
1024 3279 1179 3377 injurias
1198 3275 1386 3352 adversum

411 3399 628 3500 pontificem
641 3411 679 3469 et
692 3421 911 3472 successores
924 3401 1002 3498 ejus
1016 3401 1189 3472 exercuit.
1206 3397 1384 3472 somnne

411 3545 500 3595 sero
516 3521 754 3620 possessiones
768 3543 851 3593 snas
864 3521 985 3594 alieno
1000 3519 1136 3594 herede
1151 3543 1319 3622 pervasas
1336 3517 1385 3588 in-

411 3645 632 3744 gemiscens,
646 3646 808 3743 asperior
818 3644 953 3738 factus,
970 3671 1047 3719 non
1059 3661 1145 3720 ante
1151 3643 1380 3748 compescuit,

410 3765 531 3842 donec
566 3770 759 3869 episcopus
794 3769 923 3845 crebra
957 3770 1189 3846 infestatione
1225 3781 1377 3848 coactus,

410 3889 632 3966 tantundem
647 3915 743 3993 pene
756 3893 926 3970 beneficii
943 3897 977 3968 ei
994 3897 1168 3970 restituit.
