3044 4968
362 547 419 602 {38
630 551 752 598 curos.
773 550 850 598 cm.
867 551 910 596 nr
927 549 1004 594 ara.

360 735 497 805 expertes
531 723 681 784 virtutum
703 741 765 784 non
786 722 909 782 erimus.
936 717 1029 781 Adest
1052 721 1163 780 iterum
1185 739 1229 781 vu
1249 723 1352 802 grstia

360 825 511 910 spirituali
525 826 669 901 relertus,
693 846 747 888 arv
766 825 949 906 depromens
958 843 1013 905 per
1023 821 1190 886 binarium.
1204 821 1356 894 Eundem

360 936 465 1015 itaque
478 952 640 1014 precemur
653 933 813 1014 spiritum,
826 943 862 992 ut
871 950 926 1010 per
942 930 1106 1009 practicam
1113 927 1352 992 nobissdtlreo-

361 1039 457 1100 ricem
470 1039 566 1100 vitam
579 1038 723 1117 pevenire
735 1035 899 1118 largietur,
915 1045 1065 1114 quatenus
1092 1034 1258 1096 virtutibus
1281 1037 1352 1116 ejus

362 1145 465 1206 ascisci
480 1163 662 1204 mereamur.
676 1139 737 1203 Sed
746 1144 820 1223 quia
829 1160 921 1220 supra
930 1137 1109 1212 retulimus;
1123 1152 1261 1202 octavam
1271 1153 1352 1202 reta-

362 1260 444 1323 tem,
460 1247 499 1310 de
513 1267 575 1330 qua
588 1245 693 1309 titulus
702 1245 813 1328 psalmi
823 1237 865 1306 ri.
879 1246 995 1326 inquit:
1009 1243 1046 1304 ln
1056 1245 1150 1306 linem
1161 1263 1219 1326 pro
1228 1257 1349 1321 ocum,

364 1351 517 1413 octemrio
531 1371 619 1432 posse
633 1349 763 1414 conferri
775 1395 785 1426 ,
801 1352 878 1410 sicut
886 1348 993 1410 decem
1003 1349 1131 1412 inferius
1143 1347 1236 1411 affore
1253 1350 1352 1411 reba·-

364 1477 454 1518 mur=
469 1455 544 1520 huic
563 1457 708 1539 utiquosi
723 1453 873 1516 rddaausr
893 1477 924 1516 v.
948 1475 1011 1515 ιιιι.
1038 1453 1243 1535 explicabunt.
1266 1453 1352 1518 liene

366 1562 461 1623 etiarn
474 1563 612 1642 quinque
622 1579 726 1622 sensus
738 1571 850 1620 octavae
860 1560 929 1622 ritae
942 1570 1172 1638 supponuntur,
1192 1561 1266 1640 quia
1285 1579 1350 1621 non

368 1663 468 1726 solum
479 1665 630 1742 heo,nisi
643 1664 843 1746 voluptuosus
862 1683 972 1724 eorum
995 1665 1163 1743 appetitus,
1185 1663 1296 1726 chamo
1317 1677 1351 1726 et

367 1769 462 1830 irteno
475 1768 640 1851 spiritualis
656 1768 750 1830 modo
762 1765 928 1849 discipline
947 1778 1140 1828 coerceatur=
1163 1767 1217 1829 sed
1234 1788 1289 1830 nec
1312 1787 1351 1830 ea

367 1894 436 1956 quo
449 1873 490 1934 alr
503 1873 581 1937 Abel
594 1873 782 1957 singularum
795 1871 918 1934 datione
931 1869 1078 1932 stolarum
1091 1915 1100 1946 ,
1121 1870 1219 1933 donec
1235 1874 1352 1952 justitia

368 1991 560 2041 convertatur
573 1982 606 2041 in
617 1975 767 2058 judicium
780 2020 789 2053 ,
806 1977 960 2056 sanctique
975 1978 1007 2038 in
1020 1987 1101 2036 terra
1120 1974 1254 2057 duplicia
1271 1997 1352 2058 pos-

312 2153 313 2158 ,
367 2082 502 2160 sideest,
517 2085 635 2165 agitur,
656 2093 802 2144 rueretur.
818 2077 909 2142 Nunc
918 2091 1022 2142 autern
1032 2101 1084 2156 rx,
1100 2103 1119 2141 ι
1132 2099 1184 2156 ,ιι
1198 2092 1229 2143 et
1238 2101 1281 2144 ιιι
1295 2099 1353 2144 su·

366 2192 466 2269 premi
478 2199 645 2251 remanent.
662 2186 803 2266 Quorum
816 2188 934 2268 primus
944 2205 1056 2248 noveru
1073 2185 1275 2248 celicolarum
1294 2207 1353 2249 or·

367 2291 509 2367 dinibus,
532 2291 681 2354 secundus
699 2289 808 2354 decern
830 2289 979 2374 legalibus
991 2289 1109 2367 verbis,
1126 2294 1232 2354 tertius
1250 2289 1353 2374 dignis

366 2398 548 2478 punitentia
571 2393 741 2471 fructibus,
767 2405 893 2477 quartus
913 2397 985 2457 nori
1005 2393 1155 2468 (laoderus
1178 2400 1352 2460 testamenti

367 2499 559 2581 preconibus
585 2503 748 2562 consecrati
769 2498 923 2582 effulgent.
947 2499 1099 2580 Quintus,
1124 2505 1290 2584 quonism,
1316 2515 1353 2565 ut

367 2605 594 2686 scriptumest:
624 2606 767 2666 Inmrrlss's
784 2605 967 2680 deliaqroow
989 2629 1083 2668 omncs
1107 2611 1189 2685 (1),
1212 2610 1350 2689 quisquis

366 2711 502 2772 institurta
525 2732 544 2772 ι
569 2709 831 2794 praetergrediens,
848 2713 881 2772 in
905 2731 936 2771 ιι
959 2709 1103 2788 offendit,
1129 2711 1288 2794 splendore
1304 2733 1351 2774 ιιι

366 2833 557 2897 gemmarum
570 2813 686 2896 jubaris
699 2814 878 2892 redimitus,
890 2828 925 2877 ut
935 2814 975 2876 ad
985 2815 1152 2897 reparanda
1172 2839 1204 2878 ιι
1223 2819 1352 2900 pristina

366 2917 480 2980 damna
493 2931 698 2996 succrescant,
713 2939 768 3000 per
780 2919 897 2982 denarii
917 2919 1061 2982 mandata
1077 2921 1267 3004 regrediens,
1289 2943 1353 2986 un·

363 3021 451 3085 denis
464 3022 594 3086 ecclesie
607 3024 736 3086 cilicinis
746 3027 900 3106 operiatur
911 3027 1006 3108 sagis,
1018 3040 1054 3088 ut
1063 3030 1157 3109 possit
1166 3028 1353 3112 quandoque

364 3127 464 3190 dicere
495 3150 567 3192 cum
594 3129 767 3211 psalmirm
796 3133 1111 3209 commussiplancrum
1127 3157 1216 3196 meum
1239 3138 1354 3216 rigore·

363 3233 439 3295 dcimr
462 3236 532 3296 scili
568 3237 632 3312 (Pr.
657 3237 709 3299 ιθ.
725 3239 772 3298 ll.
789 3243 821 3314 )‚
840 3249 870 3298 et
880 3236 1009 3320 reliqna.
1023 3237 1119 3322 Igitur
1129 3241 1202 3321 quia
1210 3242 1351 3318 virtutes,

364 3359 568 3424 numerosque
591 3341 809 3424 qualicumque
837 3343 931 3404 modo
958 3342 1187 3422 ordinavimus,
1216 3343 1352 3427 qualitor

362 3466 443 3508 nunc
453 3450 552 3509 sortiri
564 3447 696 3510 debeant
705 3469 889 3510 censeamus.
905 3447 982 3510 ‘l'res
992 3451 1094 3531 itaque
1109 3469 1265 3513 sumarrrus
1288 3465 1354 3513 tes-

363 3569 462 3624 seras,
477 3569 545 3630 quo
559 3550 682 3633 singule
695 3571 779 3614 senas
792 3553 883 3616 facies
895 3553 1028 3616 habeant
1039 3558 1131 3618 variis
1151 3567 1268 3618 notatm
1288 3579 1355 3620 nu-

366 3655 468 3714 meris.
481 3653 551 3732 Quo
562 3659 659 3736 major
670 3659 822 3734 serranus,
836 3658 890 3720 alii
903 3661 935 3720 in
950 3662 1063 3721 caeteris
1076 3679 1139 3722 uno
1153 3681 1275 3742 semper
1287 3666 1355 3725 mi-

367 3759 719 3841 noresusqueadassem,
730 3766 784 3845 qui
793 3763 1026 3826 simulfruntxrr
1033 3777 1064 3826 et
1073 3769 1183 3830 nostris
1191 3767 1355 3832 vocalibus

369 3883 401 3935 v;
414 3863 555 3928 videlicet
564 3890 593 3943 ι,
605 3886 634 3943 ι,
647 3887 668 3944 ι,
680 3889 709 3946 o,
721 3889 752 3946 n,
764 3868 895 3953 singulas
903 3869 1011 3933 eodem
1021 3871 1128 3934 ordine
1137 3871 1354 3957 depingamus,

399 4075 546 4148 (lispint
565 4087 593 4130 B.
612 4079 666 4150 jao.
686 4081 721 4142 ὅ,
741 4079 776 4142 2,
796 4083 823 4134 is
842 4082 929 4137 nullis
944 4082 1195 4154 off'esds'rsassrsser.
