3044 4968
545 577 639 623 IMR
669 575 799 622 rumve.
1109 527 1166 623 lis-3

178 739 384 840 disciplinis
398 739 592 830 eruditus,
611 743 678 838 qui
699 754 790 813 tunc
812 737 1060 814 Atrebatensis
1081 763 1167 810 mo-

177 864 331 936 nasterii
346 887 454 962 ecque
469 859 677 932 monachus
693 873 804 958 atque
820 861 1091 933 Cameracensis
1107 885 1166 934 eo-

179 981 302 1057 clesiae
339 981 659 1073 archidiaconus,
703 979 943 1080 postmodum
976 1005 1062 1054 vero
1097 1009 1167 1082 pro

174 1105 296 1182 rebus
312 1107 350 1177 S.
366 1102 537 1195 vedasti,
557 1129 647 1204 quas
664 1107 704 1175 in
719 1128 817 1202 pago
835 1101 1018 1176 Baduensi
1040 1107 1168 1204 provi-

177 1227 320 1318 debat,
336 1229 550 1327 imperatori
564 1240 692 1318 notus,
710 1226 859 1300 culmen
876 1227 1093 1326 episcopalis
1111 1253 1169 1302 oa-

179 1348 329 1424 thedrac
343 1349 498 1450 adeptus
513 1363 577 1424 est.
594 1349 661 1422 lllc
674 1375 762 1423 vero
783 1351 943 1448 propriis
960 1375 1030 1448 pm
1052 1355 1169 1450 ‘opor-

181 1477 345 1546 tunitate
380 1473 547 1560 collatis,
585 1488 716 1574 quater
749 1473 858 1546 binos
893 1475 1090 1547 canonicos
1124 1477 1165 1548 iu

172 1595 223 1670 in
238 1596 387 1668 ecclesia
403 1599 440 1669 S.
462 1589 634 1704 riutberti
646 1595 852 1697 deputavit.
873 1597 943 1668 Hic
960 1607 1106 1689 autem,
1124 1617 1167 1675 ut

177 1729 424 1792 antecessores
432 1721 513 1817 jam
527 1717 685 1793 diximus
702 1733 738 1790 ct
754 1732 798 1791 ut
811 1743 1031 1792 successores
1046 1732 1167 1819 poste·

178 1841 261 1917 rius
274 1837 410 1912 dicturi
424 1865 570 1934 sumus,
589 1867 716 1940 graves
732 1855 844 1942 atquc
861 1842 996 1914 multas
1012 1844 1168 1941 iujurias

177 1961 234 2034 ab
252 1963 337 2062 ipsis
360 1965 434 2043 suis
458 1963 638 2038 militibus
670 1967 869 2052 sustinuit,
896 1963 1168 2064 adversumque

180 2111 315 2158 eorum
341 2089 592 2160 contumacias
613 2086 681 2158 diu
701 2084 909 2159 contendit.
942 2085 1000 2156 Ad
1029 2085 1168 2158 horum

183 2203 1163 2306 itaqueinsolentiassopiendas,Arnulfumquendam,

178 2327 365 2403 illustrem
382 2333 572 2422 comitem,
590 2329 716 2402 multis
733 2327 920 2402 beneficiis
937 2327 1166 2402 conductum

181 2449 258 2524 sibi
273 2449 444 2544 adscivit,
463 2451 601 2550 illoque
618 2449 818 2550 adjuvaute
835 2453 1032 2524 cervicatos
1053 2477 1168 2553 supe-

183 2597 293 2666 raus,
315 2573 535 2674 aliquandiu
564 2577 717 2674 quievit.
742 2575 847 2648 Rexit
868 2577 981 2672 igitur
998 2578 1167 2677 quinque

182 2700 293 2772 anuis
306 2698 493 2772 ecclesiam
500 2751 512 2788 ,
526 2697 575 2771 ad
592 2713 787 2798 patresque
801 2723 884 2770 suos
901 2701 1110 2797 appositus,
1126 2702 1166 2771 in

181 2821 335 2896 ecclesia
349 2821 524 2922 praefata,
546 2825 582 2896 S.
600 2821 772 2898 videlicet
794 2819 986 2914 Autberti,
1011 2818 1168 2895 honori-

183 2941 256 3017 fice
268 2944 460 3044 sepelitur.

408 3167 571 3352 lion.
626 3223 940 3302 cxxxvm.

188 3480 341 3528 ''Ml-w!
374 3481 582 3529 mmmm,
602 3481 641 3520 ΕΤ
666 3477 760 3520 LUDUS
784 3477 949 3520 scottum
974 3477 1056 3532 QUEM
1083 3479 1170 3524 unctu

570 3559 785 3602 autmundo.

188 3757 392 3886 Secunde
406 3791 621 3884 Wiboldus,
644 3791 895 3864 Noviomeusis
918 3793 1078 3868 ecclesiae
1092 3797 1170 3864 Ar-

186 3919 453 4011 chidiaoonus‚
471 3919 529 3998 vir
541 3912 713 3988 videlieet
728 3927 802 3986 tam
815 3914 1043 3987 secularibus
1056 3935 1171 4009 quam

184 4043 439 4118 ecclesiasticis
453 4038 656 4140 disciplinis
671 4039 755 4110 satis
772 4036 952 4110 imbutus.
971 4037 1042 4108 Iste
1058 4035 1171 4132 siqui·
