2906 4970
366 565 424 620 266
668 567 787 620 ΕΗΒΟΝ,
809 565 886 616 cm.
902 567 945 614 ET
962 564 1039 614 ΛΤΒ.

367 741 479 828 tinat,
501 759 718 835 semperque
740 758 981 833 quoscunque
1006 731 1167 806 habebat
1184 733 1342 829 obvios,

367 859 413 934 de
438 858 566 959 praelio
590 857 816 934 consulebat.
840 861 1049 956 Antequam
1069 879 1155 930 vero
1179 859 1342 955 Letgiam

366 982 606 1082 pervenisset,
630 978 849 1054 adrumatur
871 981 905 1050 ei
929 975 1061 1053 ducem
1090 976 1241 1052 redisse.
1265 982 1342 1056 Mox

366 1128 453 1202 ergo
481 1103 673 1200 repentina
692 1127 818 1174 rerum
837 1103 1094 1192 conversione,
1121 1125 1200 1174 non
1226 1102 1341 1175 solum

366 1226 577 1324 episeopus,
595 1221 659 1298 aed
683 1237 719 1296 et
739 1223 848 1296 multi
872 1223 935 1296 alii
956 1247 1149 1298 maerorem
1170 1249 1285 1323 quem
1301 1223 1342 1296 de

366 1349 471 1420 obitu
486 1349 921 1446 episeopioonoeperant‚
946 1345 1083 1444 gaudio
1103 1347 1209 1446 quod
1231 1347 1341 1422 habe-

365 1469 457 1544 bant
473 1468 519 1542 de
534 1469 638 1542 ducis
653 1469 925 1567 incolumitate,
942 1483 1149 1542 mutarunt.
1161 1469 1223 1542 Ad
1235 1495 1341 1569 quem

365 1591 516 1668 festinus
536 1594 747 1690 episcopua,
771 1594 811 1663 iu
830 1605 991 1680 castrum
1011 1589 1183 1665 videlieet
1203 1599 1341 1690 Argen·

367 1715 503 1812 tolum,
520 1717 745 1812 permeavit:
763 1740 783 1786 a
798 1739 873 1812 quo
888 1713 1041 1812 quidem
1056 1713 1341 1790 honorificetur·

366 1849 513 1934 ceptus,
531 1859 679 1908 omnem
694 1833 865 1908 ordinem
878 1835 966 1908 belli
980 1835 1136 1912 audivit.
1146 1835 1340 1909 Sciendum

368 1971 489 2030 tamen
498 1956 601 2057 quod
616 1972 700 2030 ante
714 1956 809 2032 illud
819 1957 1006 2057 praelium‚
1015 1958 1090 2032 fere
1104 1985 1171 2059 per
1186 1973 1341 2058 quotuor

366 2105 505 2152 ruentes
515 2095 661 2156 cometa
675 2084 750 2155 visa
767 2097 837 2175 est,
853 2082 960 2156 solito
978 2096 1101 2156 tamen
1120 2083 1338 2176 mirabilior,

366 2201 533 2276 in'modo
549 2202 720 2307 yidelioet
736 2231 849 2306 quant
867 2208 1035 2278 maximae
1053 2205 1179 2280 trabis‘.

619 2635 622 2642 Ι
707 2423 867 2604 dap.
912 2470 1010 2546 xv.

366 2731 487 2772 uonruo
501 2729 608 2771 etrtonr
624 2727 740 2769 aurare
753 2729 775 2768 n.
792 2729 923 2775 orsum,
934 2729 985 2780 otu
997 2729 1051 2770 uns
1065 2728 1216 2770 nocuum
1230 2729 1338 2770 marua-

392 2811 504 2854 xunar.
521 2809 638 2849 nounrr
654 2807 791 2848 sentuno
813 2806 953 2846 rrrscoro
971 2806 1125 2846 wnnmoot
1144 2807 1195 2846 rut
1217 2806 1339 2848 sonorus

393 2885 541 2928 sueorum.
556 2885 682 2926 nunonis
699 2883 830 2924 nrusurrt
845 2883 981 2924 renarra
997 2883 1150 2926 runnoms
1164 2885 1216 2936 out
1231 2887 1262 2926 nt
1282 2883 1338 2924 cut-

392 2963 516 3008 rurtttuo
529 2965 675 3004 seruetur
689 2963 806 3006 rursm
821 2952 1135 3006 uoummemotcitut.

318 3183 324 3198 '
371 3140 425 3250 ln
449 3173 520 3250 iilis
543 3177 694 3270 diebus,
720 3180 941 3252 monasterio
957 3181 993 3250 S.
1015 3177 1175 3268 Gisteni,
1198 3181 1238 3250 in
1260 3175 1339 3254 villa

370 3300 483 3392 Cella,
506 3300 607 3374 unde
631 3327 742 3401 supra
758 3303 986 3374 mentionem
1002 3300 1172 3392 fecimus,
1190 3311 1340 3399 praeerat

368 3422 522 3522 quidam
546 3425 676 3517 abbae,
701 3429 851 3520 nomine
872 3427 1018 3516 Simon,
1042 3425 1107 3523 qui
1121 3424 1339 3498 saeouiariter

368 3547 513 3635 vivens,
538 3571 594 3618 res
617 3545 774 3618 eeclesiae
790 3543 1029 3620 distrahebat.
1049 3548 1134 3617 Post
1148 3548 1255 3644 cujus
1278 3569 1339 3618 ex-

368 3689 526 3758 cessum,
541 3665 590 3740 ad
603 3679 742 3740 tautam
760 3682 1015 3768 paupertatem
1029 3665 1202 3761 deduxit,
1222 3683 1265 3740 ut
1287 3669 1339 3740 vir

366 3801 527 3886 quatuor
542 3788 714 3862 monaehi
728 3805 973 3867 remanerent.
994 3793 1043 3864 D.
1060 3803 1185 3864 autern
1203 3794 1337 3890 episco-

366 3937 435 4007 pus
451 3909 522 3986 hoo
536 3911 763 4011 praevidens,
779 3917 948 4013 quaesivit
965 3914 1338 4007 abbatem,sanetum·

366 4057 439 4130 que
460 4037 603 4129 virum,
621 4040 834 4116 Wenricum
851 4040 1021 4133 nomine,
1041 4039 1256 4137 imperatori
1273 4036 1337 4114 ob-
