2932 4974
421 573 517 618 nmen
531 572 707 620 mamus.
1027 565 1085 620 933

101 736 378 828 confluxerant,
392 735 611 835 traditisque
630 735 777 835 praediis
796 732 1005 835 et'propriis
1023 759 1086 808 re-

99 857 193 950 bus,
211 885 296 932 cum
310 883 414 933 sacro
426 857 710 956 viro'de'gentes,
735 857 784 932 ad
800 861 891 932 vitae
905 857 1082 955 regularis

101 1003 278 1053 normam
295 1005 370 1054 sese
391 983 696 1054 constrinxerant.
720 985 816 1052 Cum
837 995 961 1052 autem
983 981 1084 1052 locus

100 1126 123 1172 a
134 1102 289 1200 regibus
303 1117 340 1176 et
354 1103 585 1202 principibus
597 1105 849 1202 augmentari,
865 1115 902 1174 et
915 1101 1085 1202 frequen-

100 1225 154 1296 tia
168 1226 331 1298 fratrum
345 1225 545 1325 popuiosus
567 1229 734 1324 coepisset
754 1223 903 1316 haberi,
926 1239 970 1296 ut
989 1224 1086 1298 libe-

98 1350 183 1420 rius
196 1349 458 1438 Deossvacaret,
474 1352 512 1420 in
529 1351 762 1421 secretiorem
779 1337 1082 1440 locum'secessit,

98 1493 223 1570 quem
236 1473 345 1542 etiam
359 1471 481 1546 locum
498 1467 615 1570 'paulo
636 1473 816 1569 posterius
841 1468 977 1544 dicam.
1000 1471 1084 1542 Hu-

97 1593 161 1687 jus
188 1615 279 1666 vero
302 1591 420 1664 forma
431 1605 467 1664 et
481 1591 648 1691 exemplo
664 1592 793 1690 religio
811 1589 1083 1664 monachorum

101 1726 232 1810 postea
247 1713 365 1784 multo
380 1727 544 1812 tempore
561 1713 741 1805 adolevit,
755 1711 819 1786 sed
838 1738 904 1812 per
916 1715 1084 1786 incursus

103 1835 315 1931 gentilium,
325 1837 440 1906 immo
454 1849 491 1940 et
506 1863 573 1935 per
589 1836 734 1909 crebras
745 1833 942 1914 seditiones
949 1833 1091 1908 domes

105 1957 279 2048 sicerum,
291 1956 519 2056 subripiente
530 1961 670 2056 inopia,
680 1957 774 2030 ordo
789 1955 1020 2030 monachalis
1036 1957 1084 2030 a'd

105 2079 355 2153 canonicalem
372 2079 556 2171 redactus,
573 2082 624 2152 sic
642 2079 691 2151 ad
707 2095 853 2177 tempus
868 2081 917 2150 D.
927 2077 1088 2150 Gerardi

106 2201 267 2299 episcopi
300 2225 419 2299 usque
455 2203 643 2274 remansit.
676 2197 786 2292 Quod
816 2223 904 2271 vero
934 2203 1085 2272 cernens

108 2323 317 2421 epiecopus,
339 2337 527 2422 praecepto
547 2323 710 2394 Heinrici
727 2324 978 2421 imperatoris,¹
998 2345 1085 2396 con-

107 2443 262 2544 silioque
282 2448 473 2517 Herimani
489 2447 652 2537 comitis,
673 2471 716 2519 ac
729 2445 919 2518 voluntate
937 2447 994 2518 sui
1007 2445 1087 2518 fra·-

111 2568 171 2638 tris
183 2565 400 2659 Godefriffi,
422 2567 544 2642 fratris
557 2567 728 2644 videlicet
750 2569 931 2668 episcopi,
953 2571 1019 2668 qui
1042 2595 1084 2644 ex

108 2703 210 2784 parte
227 2691 417 2762 Herimani
433 2693 574 2764 comitis
595 2693 716 2789 ipsum
729 2691 853 2764 locum
869 2693 908 2762 in
924 2690 1011 2764 fisco
1025 2707 1083 2765 te-

109 2807 236 2902 nebat,
258 2811 503 2906 emelioravit3
529 2827 568 2886 et
589 2813 684 2886 sacto
703 2811 849 2886 ‘abbate
879 2812 1081 2906 Fulcoino‚

110 2931 147 3002 in
178 2935 380 3032 pristinum
413 2933 552 3008 ordinis
584 2949 720 3010 statum
751 2935 976 3010 reformavit.
1014 2939 1084 3010 Hic

111 3069 233 3128 autem
247 3059 323 3147 vir,
338 3055 447 3130 bonae
466 3063 654 3134 memoriae
673 3060 805 3152 abbas,
828 3087 914 3134 cum
937 3085 1082 3134 summo

112 3177 241 3252 studio
251 3194 287 3252 et
302 3181 447 3274 labore,
468 3185 629 3256 nominis
655 3185 712 3254 sui
732 3183 896 3256 officium
921 3181 1080 3275 librans,

114 3311 148 3369 et
165 3327 275 3374 usum
291 3303 429 3400 regulae
449 3302 770 3394 interimamus,
794 3317 831 3392 et
852 3303 978 3372 locum
1000 3325 1084 3374 om-

114 3443 193 3496 nem
217 3449 287 3522 pro
318 3423 432 3496 modo
451 3425 646 3522 temporie,
665 3437 708 3494 ut
729 3436 823 3530 pote·
836 3419 961 3494 adhuc
979 3422 1085 3496 vide-

112 3539 192 3618 licet
205 3549 409 3640 novitium,
424 3545 591 3646 pulchris
605 3544 788 3640 aedificiis,
804 3561 840 3620 et
854 3547 938 3618 usui
953 3570 1085 3622 mona-

114 3662 266 3746 chorum
281 3673 508 3767 necessariis,
525 3673 681 3746 exterius
701 3672 918 3770 insignivit(
955 3671 982 3770 ).

116 4040 135 4101 h
147 3953 199 4025 (Ι)
218 3963 285 4010 nane
304 3957 329 4011 ie
348 3963 395 4012 its.
415 3963 463 4021 n,
483 3963 560 4030 eprtr
579 3977 608 4013 ce
626 3957 746 4032 chapitre
764 3961 837 4014 vient
856 3957 881 4011 le
901 3956 976 4026 einp.
998 3967 1032 4008 vt
1051 3957 1086 4010 de

136 4059 238 4124 rem·
