<?xml version="1.0" encoding="UTF-8"?>
<!DOCTYPE html PUBLIC "-//W3C//DTD XHTML 1.0 Transitional//EN"
    "http://www.w3.org/TR/xhtml1/DTD/xhtml1-transitional.dtd">
<html xmlns="http://www.w3.org/1999/xhtml" xml:lang="en" lang="en">
 <head>
  <title>
</title>
<meta http-equiv="Content-Type" content="text/html;charset=utf-8" />
  <meta name='ocr-system' content='tesseract 3.04.00' />
  <meta name='ocr-capabilities' content='ocr_page ocr_carea ocr_par ocr_line ocrx_word'/>
</head>
<body>
  <div class='ocr_page' id='page_1' title='image "./chroniquedarras00glaygoog_0113.png"; bbox 0 0 3044 4968; ppageno 0'>
   <div class='ocr_carea' id='block_1_1' title="bbox 569 571 1182 625">
    <p class='ocr_par' dir='ltr' id='par_1_1' title="bbox 569 571 1182 625">
     <span class='ocr_line' id='line_1_1' title="bbox 569 571 1182 625; baseline 0.005 -3"><span class='ocrx_word' id='word_1_1' title='bbox 569 575 663 622; x_wconf 78' lang='lat' dir='ltr'><strong>1.an</strong></span> <span class='ocrx_word' id='word_1_2' title='bbox 678 576 808 623; x_wconf 65' lang='lat' dir='ltr'><strong>umus.</strong></span> <span class='ocrx_word' id='word_1_3' title='bbox 1145 571 1182 625; x_wconf 78' lang='lat' dir='ltr'><strong>&#39;tt</strong></span> 
     </span>
    </p>
   </div>
   <div class='ocr_carea' id='block_1_2' title="bbox 200 667 454 682">
    <p class='ocr_par' dir='ltr' id='par_1_2' title="bbox 200 667 454 682">
     <span class='ocr_line' id='line_1_2' title="bbox 200 667 454 682; baseline -0.012 0"><span class='ocrx_word' id='word_1_4' title='bbox 200 667 454 682; x_wconf 51' lang='grc' dir='ltr'>Ἥ</span> 
     </span>
    </p>
   </div>
   <div class='ocr_carea' id='block_1_3' title="bbox 176 737 1280 4148">
    <p class='ocr_par' dir='ltr' id='par_1_3' title="bbox 176 737 1280 4148">
     <span class='ocr_line' id='line_1_3' title="bbox 195 737 1183 840; baseline 0.004 -27"><span class='ocrx_word' id='word_1_5' title='bbox 195 767 223 813; x_wconf 87' lang='lat' dir='ltr'><strong>a</strong></span> <span class='ocrx_word' id='word_1_6' title='bbox 239 737 411 840; x_wconf 76' lang='lat' dir='ltr'><strong>pastorali</strong></span> <span class='ocrx_word' id='word_1_7' title='bbox 428 737 608 838; x_wconf 71' lang='lat' dir='ltr'><strong>regimine</strong></span> <span class='ocrx_word' id='word_1_8' title='bbox 625 763 693 839; x_wconf 90' lang='lat' dir='ltr'><strong>per</strong></span> <span class='ocrx_word' id='word_1_9' title='bbox 706 751 778 815; x_wconf 83' lang='lat' dir='ltr'><strong>tres</strong></span> <span class='ocrx_word' id='word_1_10' title='bbox 787 741 931 813; x_wconf 82' lang='lat' dir='ltr'><strong>circiter</strong></span> <span class='ocrx_word' id='word_1_11' title='bbox 943 765 1061 816; x_wconf 78' lang='lat' dir='ltr'><strong>annot</strong></span> <span class='ocrx_word' id='word_1_12' title='bbox 1071 767 1183 816; x_wconf 83' lang='lat' dir='ltr'><strong>vaca-</strong></span> 
     </span>
     <span class='ocr_line' id='line_1_4' title="bbox 195 859 1182 956; baseline 0.003 -22"><span class='ocrx_word' id='word_1_13' title='bbox 195 865 273 956; x_wconf 81' lang='lat' dir='ltr'><strong>vit,</strong></span> <span class='ocrx_word' id='word_1_14' title='bbox 297 859 368 936; x_wconf 88' lang='lat' dir='ltr'><strong>hac</strong></span> <span class='ocrx_word' id='word_1_15' title='bbox 385 861 523 935; x_wconf 82' lang='lat' dir='ltr'><strong>scilicet</strong></span> <span class='ocrx_word' id='word_1_16' title='bbox 544 864 781 934; x_wconf 77' lang='lat' dir='ltr'><strong>contentione</strong></span> <span class='ocrx_word' id='word_1_17' title='bbox 801 859 928 936; x_wconf 81' lang='lat' dir='ltr'><strong>habita</strong></span> <span class='ocrx_word' id='word_1_18' title='bbox 945 866 1041 936; x_wconf 88' lang='lat' dir='ltr'><strong>inter</strong></span> <span class='ocrx_word' id='word_1_19' title='bbox 1059 866 1182 944; x_wconf 83' lang='lat' dir='ltr'><strong>Hinc-</strong></span> 
     </span>
     <span class='ocr_line' id='line_1_5' title="bbox 196 979 1180 1083; baseline 0.005 -28"><span class='ocrx_word' id='word_1_20' title='bbox 196 1009 351 1056; x_wconf 85' lang='lat' dir='ltr'><strong>marum</strong></span> <span class='ocrx_word' id='word_1_21' title='bbox 380 979 720 1082; x_wconf 71' lang='lat' dir='ltr'><strong>archiepiscopum,</strong></span> <span class='ocrx_word' id='word_1_22' title='bbox 749 997 787 1056; x_wconf 91' lang='lat' dir='ltr'><strong>et</strong></span> <span class='ocrx_word' id='word_1_23' title='bbox 814 985 1075 1083; x_wconf 73' lang='lat' dir='ltr'><strong>imperatorem</strong></span> <span class='ocrx_word' id='word_1_24' title='bbox 1109 987 1180 1060; x_wconf 86' lang='lat' dir='ltr'><strong>Lo-</strong></span> 
     </span>
     <span class='ocr_line' id='line_1_6' title="bbox 176 1102 1280 1210; baseline 0.005 -33"><span class='ocrx_word' id='word_1_25' title='bbox 176 1103 385 1178; x_wconf 79' lang='lat' dir='ltr'><strong>&#39;tharium</strong></span> <span class='ocrx_word' id='word_1_26' title='bbox 414 1102 603 1203; x_wconf 85' lang='lat' dir='ltr'><strong>Siquidem</strong></span> <span class='ocrx_word' id='word_1_27' title='bbox 637 1108 840 1205; x_wconf 83' lang='lat' dir='ltr'><strong>imperator</strong></span> <span class='ocrx_word' id='word_1_28' title='bbox 868 1105 1017 1179; x_wconf 86' lang='lat' dir='ltr'><strong>cuidam</strong></span> <span class='ocrx_word' id='word_1_29' title='bbox 1047 1105 1179 1182; x_wconf 87' lang='lat' dir='ltr'><strong>clerieo</strong></span> <span class='ocrx_word' id='word_1_30' title='bbox 1232 1201 1236 1210; x_wconf 69' lang='lat'>,</span> <span class='ocrx_word' id='word_1_31' title='bbox 1271 1103 1280 1132; x_wconf 91' lang='lat'>&#39;</span> 
     </span>
     <span class='ocr_line' id='line_1_7' title="bbox 195 1225 1179 1326; baseline 0.005 -30"><span class='ocrx_word' id='word_1_32' title='bbox 195 1225 414 1299; x_wconf 86' lang='lat' dir='ltr'><strong>Guntberto</strong></span> <span class='ocrx_word' id='word_1_33' title='bbox 442 1227 617 1326; x_wconf 80' lang='lat' dir='ltr'><strong>episcopii</strong></span> <span class='ocrx_word' id='word_1_34' title='bbox 650 1229 808 1300; x_wconf 87' lang='lat' dir='ltr'><strong>eontulit</strong></span> <span class='ocrx_word' id='word_1_35' title='bbox 843 1227 1081 1326; x_wconf 75' lang='lat' dir='ltr'><strong>dignitatem,</strong></span> <span class='ocrx_word' id='word_1_36' title='bbox 1115 1227 1179 1301; x_wconf 84' lang='lat' dir='ltr'><strong>sed</strong></span> 
     </span>
     <span class='ocr_line' id='line_1_8' title="bbox 195 1344 1178 1450; baseline 0.006 -30"><span class='ocrx_word' id='word_1_37' title='bbox 195 1344 498 1446; x_wconf 74' lang='lat' dir='ltr'><strong>archiepiscopos</strong></span> <span class='ocrx_word' id='word_1_38' title='bbox 516 1371 603 1422; x_wconf 89' lang='lat' dir='ltr'><strong>cum</strong></span> <span class='ocrx_word' id='word_1_39' title='bbox 628 1351 702 1422; x_wconf 83' lang='lat' dir='ltr'><strong>ouis</strong></span> <span class='ocrx_word' id='word_1_40' title='bbox 722 1345 966 1450; x_wconf 63' lang='lat' dir='ltr'><strong>coepiscopo,</strong></span> <span class='ocrx_word' id='word_1_41' title='bbox 995 1347 1069 1424; x_wconf 87' lang='lat' dir='ltr'><strong>hoc</strong></span> <span class='ocrx_word' id='word_1_42' title='bbox 1098 1349 1178 1426; x_wconf 81' lang='lat' dir='ltr'><strong>lieri</strong></span> 
     </span>
     <span class='ocr_line' id='line_1_9' title="bbox 196 1469 1178 1565; baseline 0.003 -24"><span class='ocrx_word' id='word_1_43' title='bbox 196 1481 334 1542; x_wconf 84' lang='lat' dir='ltr'><strong>eontra</strong></span> <span class='ocrx_word' id='word_1_44' title='bbox 364 1493 482 1543; x_wconf 86' lang='lat' dir='ltr'><strong>sacros</strong></span> <span class='ocrx_word' id='word_1_45' title='bbox 512 1493 673 1544; x_wconf 84' lang='lat' dir='ltr'><strong>canones</strong></span> <span class='ocrx_word' id='word_1_46' title='bbox 697 1469 908 1565; x_wconf 82' lang='lat' dir='ltr'><strong>advertens,</strong></span> <span class='ocrx_word' id='word_1_47' title='bbox 947 1497 1035 1544; x_wconf 88' lang='lat' dir='ltr'><strong>cum</strong></span> <span class='ocrx_word' id='word_1_48' title='bbox 1075 1475 1178 1544; x_wconf 88' lang='lat' dir='ltr'><strong>omni</strong></span> 
     </span>
     <span class='ocr_line' id='line_1_10' title="bbox 194 1581 1178 1694; baseline 0.003 -28"><span class='ocrx_word' id='word_1_49' title='bbox 194 1581 416 1666; x_wconf 72' lang='lat' dir='ltr'><strong>anctoritate</strong></span> <span class='ocrx_word' id='word_1_50' title='bbox 432 1591 719 1690; x_wconf 68' lang='lat' dir='ltr'><strong>refragationem,</strong></span> <span class='ocrx_word' id='word_1_51' title='bbox 745 1598 959 1694; x_wconf 80' lang='lat' dir='ltr'><strong>cunctisque</strong></span> <span class='ocrx_word' id='word_1_52' title='bbox 981 1596 1096 1694; x_wconf 83' lang='lat' dir='ltr'><strong>ipsius</strong></span> <span class='ocrx_word' id='word_1_53' title='bbox 1112 1619 1178 1668; x_wconf 88' lang='lat' dir='ltr'><strong>eo-</strong></span> 
     </span>
     <span class='ocr_line' id='line_1_11' title="bbox 193 1702 1177 1790; baseline -0.003 0"><span class='ocrx_word' id='word_1_54' title='bbox 193 1702 314 1790; x_wconf 71' lang='lat' dir='ltr'><strong>clete</strong></span> <span class='ocrx_word' id='word_1_55' title='bbox 329 1713 518 1786; x_wconf 79' lang='lat' dir='ltr'><strong>clericiaao</strong></span> <span class='ocrx_word' id='word_1_56' title='bbox 531 1713 714 1788; x_wconf 86' lang='lat' dir='ltr'><strong>militibus</strong></span> <span class='ocrx_word' id='word_1_57' title='bbox 725 1715 797 1788; x_wconf 85' lang='lat' dir='ltr'><strong>sub</strong></span> <span class='ocrx_word' id='word_1_58' title='bbox 812 1713 1045 1790; x_wconf 86' lang='lat' dir='ltr'><strong>anathemate</strong></span> <span class='ocrx_word' id='word_1_59' title='bbox 1058 1717 1177 1790; x_wconf 86' lang='lat' dir='ltr'><strong>inter·</strong></span> 
     </span>
     <span class='ocr_line' id='line_1_12' title="bbox 194 1835 1176 1937; baseline 0 -27"><span class='ocrx_word' id='word_1_60' title='bbox 194 1835 308 1924; x_wconf 81' lang='lat' dir='ltr'><strong>dixit,</strong></span> <span class='ocrx_word' id='word_1_61' title='bbox 328 1837 471 1935; x_wconf 80' lang='lat' dir='ltr'><strong>nequis</strong></span> <span class='ocrx_word' id='word_1_62' title='bbox 486 1859 617 1931; x_wconf 87' lang='lat' dir='ltr'><strong>eorum</strong></span> <span class='ocrx_word' id='word_1_63' title='bbox 640 1861 726 1909; x_wconf 89' lang='lat' dir='ltr'><strong>com</strong></span> <span class='ocrx_word' id='word_1_64' title='bbox 748 1835 918 1909; x_wconf 87' lang='lat' dir='ltr'><strong>adultero</strong></span> <span class='ocrx_word' id='word_1_65' title='bbox 940 1849 1085 1937; x_wconf 80' lang='lat' dir='ltr'><strong>pastore</strong></span> <span class='ocrx_word' id='word_1_66' title='bbox 1113 1839 1176 1910; x_wconf 82' lang='lat' dir='ltr'><strong>ul-</strong></span> 
     </span>
     <span class='ocr_line' id='line_1_13' title="bbox 193 1959 1176 2062; baseline 0.003 -28"><span class='ocrx_word' id='word_1_67' title='bbox 193 1961 281 2034; x_wconf 83' lang='lat' dir='ltr'><strong>lum</strong></span> <span class='ocrx_word' id='word_1_68' title='bbox 298 1985 502 2053; x_wconf 63' lang='lat' dir='ltr'><strong>emensum,</strong></span> <span class='ocrx_word' id='word_1_69' title='bbox 518 1973 583 2033; x_wconf 71' lang='lat' dir='ltr'><strong>aut</strong></span> <span class='ocrx_word' id='word_1_70' title='bbox 596 1959 882 2036; x_wconf 76' lang='lat' dir='ltr'><strong>familiaritatem</strong></span> <span class='ocrx_word' id='word_1_71' title='bbox 897 1961 1034 2035; x_wconf 86' lang='lat' dir='ltr'><strong>habere</strong></span> <span class='ocrx_word' id='word_1_72' title='bbox 1042 1977 1176 2062; x_wconf 78' lang='lat' dir='ltr'><strong>putas—</strong></span> 
     </span>
     <span class='ocr_line' id='line_1_14' title="bbox 194 2081 1177 2182; baseline 0 -26"><span class='ocrx_word' id='word_1_73' title='bbox 194 2095 255 2156; x_wconf 64' lang='grc' dir='ltr'><strong>αἱ</strong></span> <span class='ocrx_word' id='word_1_74' title='bbox 268 2107 395 2156; x_wconf 75' lang='lat' dir='ltr'><strong>:natm</strong></span> <span class='ocrx_word' id='word_1_75' title='bbox 408 2082 574 2178; x_wconf 83' lang='lat' dir='ltr'><strong>fructum</strong></span> <span class='ocrx_word' id='word_1_76' title='bbox 587 2107 676 2156; x_wconf 90' lang='lat' dir='ltr'><strong>vero</strong></span> <span class='ocrx_word' id='word_1_77' title='bbox 690 2096 815 2175; x_wconf 82' lang='lat' dir='ltr'><strong>terrae,</strong></span> <span class='ocrx_word' id='word_1_78' title='bbox 830 2081 933 2182; x_wconf 88' lang='lat' dir='ltr'><strong>qnod</strong></span> <span class='ocrx_word' id='word_1_79' title='bbox 947 2085 1177 2181; x_wconf 89' lang='lat' dir='ltr'><strong>imperatoris</strong></span> 
     </span>
     <span class='ocr_line' id='line_1_15' title="bbox 197 2201 1176 2298; baseline 0 -20"><span class='ocrx_word' id='word_1_80' title='bbox 197 2216 300 2298; x_wconf 83' lang='lat' dir='ltr'><strong>erat,</strong></span> <span class='ocrx_word' id='word_1_81' title='bbox 330 2202 591 2278; x_wconf 89' lang='lat' dir='ltr'><strong>tantummodo</strong></span> <span class='ocrx_word' id='word_1_82' title='bbox 619 2201 912 2276; x_wconf 79' lang='lat' dir='ltr'><strong>commodarent.</strong></span> <span class='ocrx_word' id='word_1_83' title='bbox 945 2205 1066 2295; x_wconf 83' lang='lat' dir='ltr'><strong>Quare</strong></span> <span class='ocrx_word' id='word_1_84' title='bbox 1101 2229 1176 2278; x_wconf 89' lang='lat' dir='ltr'><strong>non</strong></span> 
     </span>
     <span class='ocr_line' id='line_1_16' title="bbox 195 2323 1177 2418; baseline -0.002 -18"><span class='ocrx_word' id='word_1_85' title='bbox 195 2323 269 2412; x_wconf 85' lang='lat' dir='ltr'><strong>diu</strong></span> <span class='ocrx_word' id='word_1_86' title='bbox 287 2340 470 2418; x_wconf 87' lang='lat' dir='ltr'><strong>moratus,</strong></span> <span class='ocrx_word' id='word_1_87' title='bbox 489 2327 629 2398; x_wconf 82' lang='lat' dir='ltr'><strong>invitm</strong></span> <span class='ocrx_word' id='word_1_88' title='bbox 643 2325 824 2399; x_wconf 79' lang='lat' dir='ltr'><strong>abscouit.</strong></span> <span class='ocrx_word' id='word_1_89' title='bbox 843 2324 990 2398; x_wconf 88' lang='lat' dir='ltr'><strong>Dehinc</strong></span> <span class='ocrx_word' id='word_1_90' title='bbox 1001 2350 1089 2400; x_wconf 83' lang='lat' dir='ltr'><strong>vero</strong></span> <span class='ocrx_word' id='word_1_91' title='bbox 1102 2329 1177 2398; x_wconf 88' lang='lat' dir='ltr'><strong>im-</strong></span> 
     </span>
     <span class='ocr_line' id='line_1_17' title="bbox 193 2439 1176 2550; baseline 0 -28"><span class='ocrx_word' id='word_1_92' title='bbox 193 2461 347 2550; x_wconf 83' lang='lat' dir='ltr'><strong>perator</strong></span> <span class='ocrx_word' id='word_1_93' title='bbox 365 2447 591 2526; x_wconf 82' lang='lat' dir='ltr'><strong>&#39;i&#39;etboldum</strong></span> <span class='ocrx_word' id='word_1_94' title='bbox 610 2439 797 2549; x_wconf 86' lang='lat' dir='ltr'><strong>quendam</strong></span> <span class='ocrx_word' id='word_1_95' title='bbox 812 2449 987 2524; x_wconf 85' lang='lat' dir='ltr'><strong>clericum</strong></span> <span class='ocrx_word' id='word_1_96' title='bbox 1003 2450 1176 2522; x_wconf 83' lang='lat' dir='ltr'><strong>intromi-</strong></span> 
     </span>
     <span class='ocr_line' id='line_1_18' title="bbox 194 2551 1172 2667; baseline 0 -21"><span class='ocrx_word' id='word_1_97' title='bbox 194 2586 268 2664; x_wconf 85' lang='lat' dir='ltr'><strong>aat,</strong></span> <span class='ocrx_word' id='word_1_98' title='bbox 303 2571 366 2646; x_wconf 85' lang='lat' dir='ltr'><strong>aed</strong></span> <span class='ocrx_word' id='word_1_99' title='bbox 403 2572 571 2646; x_wconf 81' lang='lat' dir='ltr'><strong>similiter</strong></span> <span class='ocrx_word' id='word_1_100' title='bbox 606 2599 650 2646; x_wconf 88' lang='lat' dir='ltr'><strong>ea</strong></span> <span class='ocrx_word' id='word_1_101' title='bbox 683 2551 920 2648; x_wconf 81' lang='lat' dir='ltr'><strong>contentione</strong></span> <span class='ocrx_word' id='word_1_102' title='bbox 957 2571 1172 2667; x_wconf 81' lang='lat' dir='ltr'><strong>frustratus,</strong></span> 
     </span>
     <span class='ocr_line' id='line_1_19' title="bbox 192 2693 1174 2795; baseline -0.004 -23"><span class='ocrx_word' id='word_1_103' title='bbox 192 2697 322 2772; x_wconf 78' lang='lat' dir='ltr'><strong>exivit.</strong></span> <span class='ocrx_word' id='word_1_104' title='bbox 346 2697 471 2768; x_wconf 86' lang='lat' dir='ltr'><strong>Tertio</strong></span> <span class='ocrx_word' id='word_1_105' title='bbox 497 2721 646 2795; x_wconf 89' lang='lat' dir='ltr'><strong>quoque</strong></span> <span class='ocrx_word' id='word_1_106' title='bbox 665 2693 889 2768; x_wconf 82' lang='lat' dir='ltr'><strong>Hilduinum</strong></span> <span class='ocrx_word' id='word_1_107' title='bbox 902 2719 1012 2766; x_wconf 84' lang='lat' dir='ltr'><strong>snum</strong></span> <span class='ocrx_word' id='word_1_108' title='bbox 1033 2721 1174 2793; x_wconf 70' lang='lat' dir='ltr'><strong>cogna-</strong></span> 
     </span>
     <span class='ocr_line' id='line_1_20' title="bbox 194 2816 1175 2917; baseline -0.004 -23"><span class='ocrx_word' id='word_1_109' title='bbox 194 2835 302 2911; x_wconf 84' lang='lat' dir='ltr'><strong>tum,</strong></span> <span class='ocrx_word' id='word_1_110' title='bbox 334 2817 401 2893; x_wconf 86' lang='lat' dir='ltr'><strong>sed</strong></span> <span class='ocrx_word' id='word_1_111' title='bbox 428 2832 592 2891; x_wconf 83' lang='lat' dir='ltr'><strong>etenum</strong></span> <span class='ocrx_word' id='word_1_112' title='bbox 624 2816 884 2917; x_wconf 75' lang='lat' dir='ltr'><strong>capellanum,</strong></span> <span class='ocrx_word' id='word_1_113' title='bbox 916 2819 986 2916; x_wconf 79' lang='lat' dir='ltr'><strong>ipsi</strong></span> <span class='ocrx_word' id='word_1_114' title='bbox 1017 2817 1175 2890; x_wconf 79' lang='lat' dir='ltr'><strong>ecclesiae</strong></span> 
     </span>
     <span class='ocr_line' id='line_1_21' title="bbox 191 2938 1176 3044; baseline -0.002 -28"><span class='ocrx_word' id='word_1_115' title='bbox 191 2941 384 3044; x_wconf 66' lang='lat' dir='ltr'><strong>preficere</strong></span> <span class='ocrx_word' id='word_1_116' title='bbox 407 2944 611 3016; x_wconf 70' lang='lat' dir='ltr'><strong>estimavit.</strong></span> <span class='ocrx_word' id='word_1_117' title='bbox 639 2938 712 3016; x_wconf 88' lang='lat' dir='ltr'><strong>Sed</strong></span> <span class='ocrx_word' id='word_1_118' title='bbox 731 2943 820 3041; x_wconf 88' lang='lat' dir='ltr'><strong>quia</strong></span> <span class='ocrx_word' id='word_1_119' title='bbox 835 2953 965 3014; x_wconf 85' lang='lat' dir='ltr'><strong>contra</strong></span> <span class='ocrx_word' id='word_1_120' title='bbox 979 2939 1096 3038; x_wconf 80' lang='lat' dir='ltr'><strong>legem</strong></span> <span class='ocrx_word' id='word_1_121' title='bbox 1112 2963 1176 3014; x_wconf 85' lang='lat' dir='ltr'><strong>ea-</strong></span> 
     </span>
     <span class='ocr_line' id='line_1_22' title="bbox 193 3061 1174 3166; baseline -0.002 -26"><span class='ocrx_word' id='word_1_122' title='bbox 193 3069 475 3157; x_wconf 68' lang='lat' dir='ltr'><strong>meinamma,</strong></span> <span class='ocrx_word' id='word_1_123' title='bbox 494 3067 870 3166; x_wconf 82' lang='lat' dir='ltr'><strong>Hincmarusquoque</strong></span> <span class='ocrx_word' id='word_1_124' title='bbox 877 3061 1174 3140; x_wconf 87' lang='lat' dir='ltr'><strong>benedictionem</strong></span> 
     </span>
     <span class='ocr_line' id='line_1_23' title="bbox 193 3189 1175 3286; baseline -0.003 -25"><span class='ocrx_word' id='word_1_125' title='bbox 193 3213 288 3262; x_wconf 88' lang='lat' dir='ltr'><strong>cum</strong></span> <span class='ocrx_word' id='word_1_126' title='bbox 312 3191 412 3260; x_wconf 89' lang='lat' dir='ltr'><strong>omni</strong></span> <span class='ocrx_word' id='word_1_127' title='bbox 429 3190 565 3260; x_wconf 90' lang='lat' dir='ltr'><strong>virtute</strong></span> <span class='ocrx_word' id='word_1_128' title='bbox 582 3191 742 3286; x_wconf 80' lang='lat' dir='ltr'><strong>negavit.</strong></span> <span class='ocrx_word' id='word_1_129' title='bbox 764 3191 828 3260; x_wconf 91' lang='lat' dir='ltr'><strong>His</strong></span> <span class='ocrx_word' id='word_1_130' title='bbox 845 3213 934 3284; x_wconf 72' lang='lat' dir='ltr'><strong>ergo</strong></span> <span class='ocrx_word' id='word_1_131' title='bbox 951 3189 1003 3258; x_wconf 89' lang='lat' dir='ltr'><strong>ita</strong></span> <span class='ocrx_word' id='word_1_132' title='bbox 1023 3203 1175 3266; x_wconf 57' lang='lat' dir='ltr'><strong>contens</strong></span> 
     </span>
     <span class='ocr_line' id='line_1_24' title="bbox 195 3307 1179 3412; baseline -0.002 -30"><span class='ocrx_word' id='word_1_133' title='bbox 195 3309 391 3402; x_wconf 84' lang='lat' dir='ltr'><strong>dentibus,</strong></span> <span class='ocrx_word' id='word_1_134' title='bbox 419 3311 569 3385; x_wconf 83' lang='lat' dir='ltr'><strong>ecclesia</strong></span> <span class='ocrx_word' id='word_1_135' title='bbox 601 3311 774 3412; x_wconf 89' lang='lat' dir='ltr'><strong>pastorali</strong></span> <span class='ocrx_word' id='word_1_136' title='bbox 797 3311 976 3410; x_wconf 73' lang='lat' dir='ltr'><strong>regimine</strong></span> <span class='ocrx_word' id='word_1_137' title='bbox 1004 3307 1179 3380; x_wconf 86' lang='lat' dir='ltr'><strong>destituta</strong></span> 
     </span>
     <span class='ocr_line' id='line_1_25' title="bbox 191 3429 1179 3528; baseline -0.003 -22"><span class='ocrx_word' id='word_1_138' title='bbox 191 3431 499 3526; x_wconf 70' lang='lat' dir='ltr'><strong>labefactabatur.</strong></span> <span class='ocrx_word' id='word_1_139' title='bbox 537 3429 646 3508; x_wconf 78' lang='lat' dir='ltr'><strong>U&#39;nde</strong></span> <span class='ocrx_word' id='word_1_140' title='bbox 683 3429 855 3504; x_wconf 82' lang='lat' dir='ltr'><strong>Nicolaus</strong></span> <span class='ocrx_word' id='word_1_141' title='bbox 888 3453 985 3528; x_wconf 88' lang='lat' dir='ltr'><strong>papa</strong></span> <span class='ocrx_word' id='word_1_142' title='bbox 1019 3431 1179 3527; x_wconf 80' lang='lat' dir='ltr'><strong>graviter</strong></span> 
     </span>
     <span class='ocr_line' id='line_1_26' title="bbox 190 3555 1176 3660; baseline -0.002 -32"><span class='ocrx_word' id='word_1_143' title='bbox 190 3569 319 3630; x_wconf 85' lang='lat' dir='ltr'><strong>motus</strong></span> <span class='ocrx_word' id='word_1_144' title='bbox 336 3583 431 3660; x_wconf 83' lang='lat' dir='ltr'><strong>saepe</strong></span> <span class='ocrx_word' id='word_1_145' title='bbox 458 3557 697 3648; x_wconf 86' lang='lat' dir='ltr'><strong>Letharium‚</strong></span> <span class='ocrx_word' id='word_1_146' title='bbox 730 3557 845 3627; x_wconf 88' lang='lat' dir='ltr'><strong>immo</strong></span> <span class='ocrx_word' id='word_1_147' title='bbox 869 3579 1024 3654; x_wconf 30' lang='lat' dir='ltr'><strong>‘quoque</strong></span> <span class='ocrx_word' id='word_1_148' title='bbox 1055 3555 1176 3626; x_wconf 89' lang='lat' dir='ltr'><strong>Hinc-</strong></span> 
     </span>
     <span class='ocr_line' id='line_1_27' title="bbox 189 3677 1177 3782; baseline -0.003 -30"><span class='ocrx_word' id='word_1_149' title='bbox 189 3705 361 3775; x_wconf 86' lang='lat' dir='ltr'><strong>marum‚</strong></span> <span class='ocrx_word' id='word_1_150' title='bbox 387 3685 492 3782; x_wconf 88' lang='lat' dir='ltr'><strong>quasi</strong></span> <span class='ocrx_word' id='word_1_151' title='bbox 527 3709 638 3782; x_wconf 90' lang='lat' dir='ltr'><strong>super</strong></span> <span class='ocrx_word' id='word_1_152' title='bbox 663 3679 701 3752; x_wconf 91' lang='lat' dir='ltr'><strong>id</strong></span> <span class='ocrx_word' id='word_1_153' title='bbox 715 3681 854 3777; x_wconf 51' lang='lat' dir='ltr'><strong>&#39;negotii</strong></span> <span class='ocrx_word' id='word_1_154' title='bbox 872 3677 1117 3776; x_wconf 77' lang='lat' dir='ltr'><strong>negligentem</strong></span> <span class='ocrx_word' id='word_1_155' title='bbox 1140 3693 1177 3753; x_wconf 87' lang='lat' dir='ltr'><strong>ct</strong></span> 
     </span>
     <span class='ocr_line' id='line_1_28' title="bbox 186 3800 1178 3904; baseline -0.008 -29"><span class='ocrx_word' id='word_1_156' title='bbox 186 3805 442 3898; x_wconf 83' lang='lat' dir='ltr'><strong>incuriosum,</strong></span> <span class='ocrx_word' id='word_1_157' title='bbox 461 3803 609 3878; x_wconf 81' lang='lat' dir='ltr'><strong>directis</strong></span> <span class='ocrx_word' id='word_1_158' title='bbox 622 3803 783 3904; x_wconf 84' lang='lat' dir='ltr'><strong>epistolis</strong></span> <span class='ocrx_word' id='word_1_159' title='bbox 801 3800 1048 3890; x_wconf 78' lang='lat' dir='ltr'><strong>succensebat.</strong></span> <span class='ocrx_word' id='word_1_160' title='bbox 1067 3805 1178 3874; x_wconf 82' lang='lat' dir='ltr'><strong>Hunc</strong></span> 
     </span>
     <span class='ocr_line' id='line_1_29' title="bbox 185 3924 1224 4026; baseline -0.009 -26"><span class='ocrx_word' id='word_1_161' title='bbox 185 3929 321 4024; x_wconf 88' lang='lat' dir='ltr'><strong>itaque</strong></span> <span class='ocrx_word' id='word_1_162' title='bbox 340 3927 478 4000; x_wconf 87' lang='lat' dir='ltr'><strong>litteras</strong></span> <span class='ocrx_word' id='word_1_163' title='bbox 511 3925 726 4026; x_wconf 75' lang='lat' dir='ltr'><strong>hujumodi</strong></span> <span class='ocrx_word' id='word_1_164' title='bbox 755 3925 803 4000; x_wconf 86' lang='lat' dir='ltr'><strong>ad</strong></span> <span class='ocrx_word' id='word_1_165' title='bbox 824 3924 1018 3999; x_wconf 88' lang='lat' dir='ltr'><strong>Nicolaum</strong></span> <span class='ocrx_word' id='word_1_166' title='bbox 1040 3941 1175 4018; x_wconf 84' lang='lat' dir='ltr'><strong>papam</strong></span> <span class='ocrx_word' id='word_1_167' title='bbox 1218 3995 1224 4006; x_wconf 65' lang='grc'><em>,</em></span> 
     </span>
     <span class='ocr_line' id='line_1_30' title="bbox 185 4047 595 4148; baseline 0.02 -28"><span class='ocrx_word' id='word_1_168' title='bbox 185 4047 366 4122; x_wconf 82' lang='lat' dir='ltr'><strong>direxisse</strong></span> <span class='ocrx_word' id='word_1_169' title='bbox 379 4051 595 4148; x_wconf 86' lang='lat' dir='ltr'><strong>reperimus.</strong></span> 
     </span>
    </p>
   </div>
   <div class='ocr_carea' id='block_1_4' title="bbox 0 0 1526 4968">
    <p class='ocr_par' dir='ltr' id='par_1_4' title="bbox 0 0 1526 4968">
     <span class='ocr_line' id='line_1_31' title="bbox 0 0 1526 4968; baseline 0 3"><span class='ocrx_word' id='word_1_170' title='bbox 0 0 1526 4968; x_wconf 95' lang='lat' dir='ltr'><strong> </strong></span> 
     </span>
    </p>
   </div>
  </div>
 </body>
</html>
