2906 4970
328 724 648 804 APPEanx
685 725 879 806 PRIOR

236 1011 285 1056 An
311 1007 558 1056 canonicor
589 1008 947 1056 assumeremus.

100 1434 170 1544 Ι).
214 1467 398 1540 Gerardus
429 1470 558 1565 junior
583 1436 753 1543 Liebertti
782 1475 964 1546 successit.
997 1478 1081 1548 Post

100 1592 208 1689 cujus
225 1589 425 1682 decessum,
443 1589 608 1663 Christus
623 1591 1078 1670 dominusAtrebatensem

100 1711 249 1810 plebem
263 1714 439 1804 visitavit,
457 1725 493 1784 et
505 1711 658 1786 consilio
674 1716 722 1786 D.
740 1717 914 1789 Walberti
935 1744 1076 1820 praepo·

101 1836 179 1927 siri,
198 1833 326 1908 labore
340 1837 451 1932 etiarn
472 1832 723 1932 quorumdam
744 1836 962 1910 clericorum
976 1847 1081 1915 Atre·

101 1954 199 2050 bati,
217 1959 344 2030 civitas
358 1957 420 2027 illa
435 1954 569 2028 nobilis
586 1957 782 2054 proprium
802 1955 939 2031 habere
954 1975 1080 2060 pasto-

103 2103 178 2152 rem
186 2081 446 2179 etepiscopum
454 2073 674 2176 promeruit.
689 2079 818 2154 Beatus
826 2084 892 2175 (sie
886 2085 907 2176 )
920 2107 1083 2182 namque

104 2200 483 2290 memoriaeUrbanus,
491 2223 588 2298 papa
599 2197 795 2290 secundus,
805 2213 916 2273 tantae
925 2205 1081 2277 civitatis

104 2323 230 2398 dolens
264 2323 549 2414 desolationem,
582 2318 750 2394 eamdem
778 2323 1081 2422 ajurisdictione

104 2449 354 2521 Cameracensi
368 2445 631 2546 emancipavit,
647 2458 684 2518 et
697 2445 905 2520 libertatem
919 2448 1080 2548 eligendi

103 2574 298 2672 proprium
312 2572 526 2669 episcopum
541 2569 580 2640 in
596 2585 817 2669 perpetuum
835 2575 905 2672 ipsi
929 2597 1081 2646 conces-

104 2694 157 2764 sit.
190 2694 395 2792 Elegerunt
419 2694 545 2790 itaque
576 2691 624 2762 D.
659 2693 919 2786 Lambertum,
948 2719 1080 2792 genere

104 2815 333 2906 Gisnensern,
349 2828 536 2888 cantorem
552 2813 782 2908 insulanum,
799 2819 880 2916 qui,
897 2829 979 2915 post
992 2817 1083 2889 mul·

107 2949 158 3008 tos
175 2935 324 3010 labores
338 2939 491 3030 itineris,
508 2937 589 3010 aD.
607 2961 704 3038 papa
717 2937 882 3033 Urbano,
898 2942 1024 3014 Rornae
1041 2943 1081 3014 in

106 3059 254 3134 ecelesia
267 3063 308 3131 B.
325 3063 450 3133 Mariae
470 3085 552 3160 quae
566 3061 774 3161 appellatur
787 3087 903 3156 nova,
925 3065 965 3136 in
987 3065 1081 3164 epis·

107 3203 243 3281 copum
259 3195 311 3255 est
326 3196 569 3256 eonsecratus:
586 3207 607 3253 a
622 3185 821 3280 quostiam
835 3188 991 3284 acceptis
1005 3209 1082 3256 nos·

108 3318 168 3378 trae
181 3305 362 3378 libertatis
376 3305 592 3404 privilegiis,
609 3307 913 3378 totiusRemensis
924 3311 1082 3406 provin-

108 3429 170 3500 eiae
204 3431 346 3530 legatus
374 3428 539 3522 effectus,
570 3455 655 3502 cum
681 3429 824 3502 honore
853 3429 901 3502 ad
930 3435 1081 3532 propria

107 3557 297 3648 remearit3
318 3554 384 3627 ubi
400 3554 511 3628 rebus
523 3551 680 3629 ecclesie
696 3581 791 3645 suae,
809 3569 921 3655 prout
936 3570 1080 3656 tempus

109 3678 292 3775 exigebat,
318 3678 414 3751 bene
439 3677 639 3779 dispositis,
662 3682 823 3778 migrans
845 3705 866 3752 a
887 3680 1019 3754 saeculo
1038 3682 1079 3754 in

109 3799 255 3874 ecclesia
271 3805 307 3874 S.
324 3803 394 3876 Dei
407 3805 592 3902 genitricis
605 3805 811 3902 requiescit.

153 3923 201 3994 D.
218 3924 418 4019 liebertus,
437 3951 568 4024 genere
585 3927 849 4019 Atrebatem,
867 3927 922 3999 illi
935 3949 1081 3999 succes-

109 4045 170 4119 sit:
187 4050 254 4147 qui
268 4062 349 4149 post
362 4049 525 4150 plurima
541 4075 624 4152 quae
642 4053 800 4130 ssciesiae
813 4075 888 4126 suae
902 4047 1081 4127 beneficia
