3088 4968
347 536 385 589 ae
647 538 767 586 ennon.
783 520 863 586 'can
885 535 928 586 er
945 538 1021 586 arn.

345 707 415 781 sibi
442 703 676 806 profuturam
707 707 901 807 assumpsit
934 732 943 778 ι
975 691 1197 802 nullumque
1222 699 1327 776 aliud

344 841 511 922 scutum,
540 851 654 927 quam
675 853 803 927 peram
834 825 905 900 nbi
933 825 1197 928 opponendam
1224 824 1328 898 fidu-

346 950 487 1022 cialiter
518 946 566 1021 ad
606 947 853 1022 dirimendam
891 973 1057 1048 pugnam
1096 947 1324 1021 exclamavit.

345 1074 575 1170 Factumque
589 1083 659 1162 est,
672 1070 799 1142 divina
815 1081 991 1170 operante
1006 1070 1213 1162 elementia,
1224 1050 1355 1170 quod*

346 1193 414 1266 ubi
443 1191 651 1268 obluctator
681 1191 774 1264 alter
807 1189 1003 1289 diligenter
1020 1203 1203 1284 armatus,
1235 1215 1329 1264 eon-

346 1338 470 1412 gressu
489 1311 637 1405 habito,
667 1313 765 1394 illius
779 1315 929 1385 inermis
946 1336 1074 1412 peram
1096 1314 1235 1410 ingenti
1250 1315 1328 1386 ictu

345 1437 584 1534 percusserit,
608 1449 709 1508 tanta
722 1449 758 1509 et
773 1449 848 1508 tam
870 1429 982 1508 densa
1002 1433 1140 1508 nebula
1154 1436 1251 1507 inter
1267 1458 1328 1507 eos

352 1555 399 1630 de
414 1561 491 1657 ipsa
507 1584 595 1662 pera
618 1561 739 1658 statim
759 1535 939 1654 exoritur,
961 1573 1005 1632 ut
1023 1571 1154 1632 neuter
1171 1555 1328 1630 alterum

350 1677 475 1753 videre
494 1682 684 1780 potuisset.

612 2073 621 2096 ι
693 1893 854 2078 ilat).
910 1955 1006 2039 x1.

462 2203 500 2242 lt!
518 2202 632 2244 mulli!
648 2202 764 2256 QUOQU!
778 2203 836 2245 PB}
849 2203 871 2245 Ι.
884 2201 1043 2244 mesum!
1055 2201 1209 2243 mffl‘l'o.

352 2387 408 2500 ln
450 2452 527 2501 una
556 2451 706 2528 quoque
736 2426 884 2502 eeclesia
926 2454 1031 2529 quae,
1071 2433 1110 2502 in
1144 2432 1329 2532 episcopio

350 2547 570 2623 Leodeeensi
595 2552 683 2640 sita,
706 2550 745 2620 in
771 2545 913 2622 honore
937 2553 972 2624 S.
1003 2550 1150 2624 Vedasti
1172 2553 1329 2644 colitur,

352 2685 478 2771 raptor
489 2671 642 2772 quidam
652 2672 844 2770 pessimus,
856 2678 1065 2775 compositis
1076 2672 1331 2748 fraudulenter

351 2793 558 2887 calumniis,
575 2792 766 2866 hominem
777 2797 893 2894 cepit,
907 2800 1081 2897 nexisque
1088 2811 1170 2897 post
1185 2811 1330 2894 tergum

353 2915 544 3009 manibus,
559 2929 595 2988 et
606 2915 695 2988 fune
706 2916 843 2990 ascellis
856 2921 1066 3018 supposito,
1081 2917 1330 3018 torquendum

351 3035 481 3110 durius
501 3036 721 3112 abducebat.
752 3043 872 3134 Quem
900 3067 984 3114 mox
1006 3041 1147 3115 caelitus
1168 3042 1333 3114 emanci-

351 3173 481 3259 patum
507 3165 719 3264 respiciens,
750 3191 847 3264 equo
876 3163 1033 3260 desiliit,
1060 3165 1242 3266 illumque
1267 3187 1334 3264 per

350 3307 387 3356 se
405 3283 483 3358 fore
505 3285 667 3360 solutum
682 3313 835 3388 quoquo
857 3283 970 3360 modo
985 3289 1214 3380 existimans,
1236 3285 1333 3358 male

352 3406 586 3482 verberatum
603 3411 740 3482 iterum
760 3413 895 3484 arctius
911 3409 1128 3484 vinculavit.
1151 3411 1334 3510 Equoque

352 3553 519 3624 ascenso,
539 3545 690 3630 repente
704 3558 854 3632 quoque
870 3532 1032 3605 laxatum
1049 3534 1226 3624 intuitus,
1245 3554 1333 3603 curn

352 3647 478 3724 furore
491 3654 603 3726 etiam
617 3681 683 3753 per
697 3679 843 3727 comam
857 3656 1029 3754 arripuit,
1044 3653 1334 3750 verberibusque

340 3753 538 3866 allectum,
552 3777 660 3848 tertio
671 3803 738 3874 per
750 3779 923 3876 genitalia
933 3777 1073 3875 ligavit.
1091 3779 1165 3849 Nec
1178 3776 1335 3872 longum

353 3919 441 3968 vero
463 3894 681 3970 dissolutum
698 3903 871 3997 respexit,
892 3902 1016 3998 sicque
1034 3897 1184 3971 tandem
1206 3897 1335 3969 devio-

242 4015 245 4020 ’
356 4029 433 4110 tus,
452 4015 588 4092 divinae
605 4021 779 4116 potentiae
798 4019 1006 4096 cedendum
1026 4021 1233 4094 aestimavit.
1251 4020 1331 4091 lloc
