<?xml version="1.0" encoding="UTF-8"?>
<!DOCTYPE html PUBLIC "-//W3C//DTD XHTML 1.0 Transitional//EN"
    "http://www.w3.org/TR/xhtml1/DTD/xhtml1-transitional.dtd">
<html xmlns="http://www.w3.org/1999/xhtml" xml:lang="en" lang="en">
 <head>
  <title>
</title>
<meta http-equiv="Content-Type" content="text/html;charset=utf-8" />
  <meta name='ocr-system' content='tesseract 3.04.00' />
  <meta name='ocr-capabilities' content='ocr_page ocr_carea ocr_par ocr_line ocrx_word'/>
</head>
<body>
  <div class='ocr_page' id='page_1' title='image "./chroniquedarras00glaygoog_0341.png"; bbox 0 0 2990 4976; ppageno 0'>
   <div class='ocr_carea' id='block_1_1' title="bbox 521 561 783 610">
    <p class='ocr_par' dir='ltr' id='par_1_1' title="bbox 521 561 783 610">
     <span class='ocr_line' id='line_1_1' title="bbox 521 561 783 610; baseline 0 -2"><span class='ocrx_word' id='word_1_1' title='bbox 521 561 616 608; x_wconf 64' lang='lat' dir='ltr'>101OEss</span> <span class='ocrx_word' id='word_1_2' title='bbox 634 563 783 610; x_wconf 68' lang='lat' dir='ltr'>HUIUS.</span> 
     </span>
    </p>
   </div>
   <div class='ocr_carea' id='block_1_2' title="bbox 479 824 847 1010">
    <p class='ocr_par' dir='ltr' id='par_1_2' title="bbox 479 824 847 1010">
     <span class='ocr_line' id='line_1_2' title="bbox 479 824 847 1010; baseline 0.003 -42"><span class='ocrx_word' id='word_1_3' title='bbox 479 824 668 1010; x_wconf 69' lang='lat' dir='ltr'><strong>lituu.</strong></span> <span class='ocrx_word' id='word_1_4' title='bbox 724 833 847 984; x_wconf 63' lang='lat' dir='ltr'><strong>am.</strong></span> 
     </span>
    </p>
   </div>
   <div class='ocr_carea' id='block_1_3' title="bbox 161 1143 1144 1266">
    <p class='ocr_par' dir='ltr' id='par_1_3' title="bbox 161 1143 1144 1266">
     <span class='ocr_line' id='line_1_3' title="bbox 161 1143 1144 1194; baseline 0.008 -8"><span class='ocrx_word' id='word_1_5' title='bbox 161 1143 366 1186; x_wconf 66' lang='lat' dir='ltr'><strong>mmm</strong></span> <span class='ocrx_word' id='word_1_6' title='bbox 382 1145 510 1188; x_wconf 72' lang='grc' dir='ltr'><strong>ΜΤΟΝῙΙ</strong></span> <span class='ocrx_word' id='word_1_7' title='bbox 539 1146 661 1188; x_wconf 73' lang='lat' dir='ltr'><strong>Comi!</strong></span> <span class='ocrx_word' id='word_1_8' title='bbox 693 1147 732 1188; x_wconf 76' lang='lat' dir='ltr'>n</span> <span class='ocrx_word' id='word_1_9' title='bbox 754 1147 882 1190; x_wconf 66' lang='lat' dir='ltr'><strong>ommi!</strong></span> <span class='ocrx_word' id='word_1_10' title='bbox 906 1149 1047 1192; x_wconf 73' lang='lat' dir='ltr'><strong>EPlSCOl’O</strong></span> <span class='ocrx_word' id='word_1_11' title='bbox 1068 1151 1144 1194; x_wconf 54' lang='lat' dir='ltr'><strong>etth</strong></span> 
     </span>
     <span class='ocr_line' id='line_1_4' title="bbox 592 1225 708 1266; baseline -0.026 0"><span class='ocrx_word' id='word_1_12' title='bbox 592 1225 708 1266; x_wconf 63' lang='lat' dir='ltr'><strong>utrum.</strong></span> 
     </span>
    </p>
   </div>
   <div class='ocr_carea' id='block_1_4' title="bbox 160 1393 1150 3994">
    <p class='ocr_par' dir='ltr' id='par_1_4' title="bbox 160 1393 1150 3994">
     <span class='ocr_line' id='line_1_5' title="bbox 161 1393 1142 1541; baseline 0.005 -32"><span class='ocrx_word' id='word_1_13' title='bbox 161 1393 359 1541; x_wconf 65' lang='lat' dir='ltr'><strong>pecuum</strong></span> <span class='ocrx_word' id='word_1_14' title='bbox 376 1437 461 1510; x_wconf 90' lang='lat' dir='ltr'><strong>Otto</strong></span> <span class='ocrx_word' id='word_1_15' title='bbox 476 1459 596 1510; x_wconf 89' lang='lat' dir='ltr'><strong>comcs</strong></span> <span class='ocrx_word' id='word_1_16' title='bbox 614 1436 693 1508; x_wconf 90' lang='lat' dir='ltr'><strong>Deo</strong></span> <span class='ocrx_word' id='word_1_17' title='bbox 713 1447 921 1536; x_wconf 74' lang='lat' dir='ltr'><strong>sanctaeque</strong></span> <span class='ocrx_word' id='word_1_18' title='bbox 941 1437 1086 1531; x_wconf 82' lang='lat' dir='ltr'><strong>Mariae,</strong></span> <span class='ocrx_word' id='word_1_19' title='bbox 1106 1455 1142 1514; x_wconf 86' lang='lat' dir='ltr'><strong>et</strong></span> 
     </span>
     <span class='ocr_line' id='line_1_6' title="bbox 161 1558 1142 1659; baseline 0.003 -27"><span class='ocrx_word' id='word_1_20' title='bbox 161 1559 338 1659; x_wconf 82' lang='lat' dir='ltr'><strong>episcopo</strong></span> <span class='ocrx_word' id='word_1_21' title='bbox 358 1558 524 1632; x_wconf 86' lang='lat' dir='ltr'><strong>Gerardo</strong></span> <span class='ocrx_word' id='word_1_22' title='bbox 546 1561 584 1632; x_wconf 92' lang='lat' dir='ltr'><strong>in</strong></span> <span class='ocrx_word' id='word_1_23' title='bbox 607 1582 825 1649; x_wconf 78' lang='lat' dir='ltr'><strong>manusua,</strong></span> <span class='ocrx_word' id='word_1_24' title='bbox 847 1570 890 1630; x_wconf 92' lang='lat' dir='ltr'><strong>ut</strong></span> <span class='ocrx_word' id='word_1_25' title='bbox 911 1560 940 1629; x_wconf 88' lang='lat' dir='ltr'><strong>si</strong></span> <span class='ocrx_word' id='word_1_26' title='bbox 961 1559 1142 1635; x_wconf 87' lang='lat' dir='ltr'><strong>Walterus</strong></span> 
     </span>
     <span class='ocr_line' id='line_1_7' title="bbox 160 1680 1143 1782; baseline 0.004 -28"><span class='ocrx_word' id='word_1_27' title='bbox 160 1707 332 1782; x_wconf 88' lang='lat' dir='ltr'><strong>unquam</strong></span> <span class='ocrx_word' id='word_1_28' title='bbox 361 1681 407 1754; x_wconf 91' lang='lat' dir='ltr'><strong>ab</strong></span> <span class='ocrx_word' id='word_1_29' title='bbox 431 1681 495 1754; x_wconf 92' lang='lat' dir='ltr'><strong>illa</strong></span> <span class='ocrx_word' id='word_1_30' title='bbox 518 1680 610 1756; x_wconf 86' lang='lat' dir='ltr'><strong>hora</strong></span> <span class='ocrx_word' id='word_1_31' title='bbox 635 1695 763 1756; x_wconf 87' lang='lat' dir='ltr'><strong>contra</strong></span> <span class='ocrx_word' id='word_1_32' title='bbox 785 1683 1000 1782; x_wconf 88' lang='lat' dir='ltr'><strong>episcopum</strong></span> <span class='ocrx_word' id='word_1_33' title='bbox 1024 1683 1143 1758; x_wconf 90' lang='lat' dir='ltr'><strong>eccle-</strong></span> 
     </span>
     <span class='ocr_line' id='line_1_8' title="bbox 160 1801 1140 1908; baseline 0 -30"><span class='ocrx_word' id='word_1_34' title='bbox 160 1807 329 1903; x_wconf 88' lang='lat' dir='ltr'><strong>siamque</strong></span> <span class='ocrx_word' id='word_1_35' title='bbox 357 1803 427 1876; x_wconf 82' lang='lat' dir='ltr'>sibi</span> <span class='ocrx_word' id='word_1_36' title='bbox 454 1805 683 1876; x_wconf 83' lang='lat' dir='ltr'><strong>commissam</strong></span> <span class='ocrx_word' id='word_1_37' title='bbox 704 1805 744 1876; x_wconf 88' lang='lat' dir='ltr'><strong>in</strong></span> <span class='ocrx_word' id='word_1_38' title='bbox 764 1802 890 1908; x_wconf 82' lang='lat' dir='ltr'><strong>aliquo</strong></span> <span class='ocrx_word' id='word_1_39' title='bbox 910 1801 1140 1904; x_wconf 79' lang='lat' dir='ltr'><strong>deliquisset,</strong></span> 
     </span>
     <span class='ocr_line' id='line_1_9' title="bbox 161 1923 1144 2026; baseline 0.002 -28"><span class='ocrx_word' id='word_1_40' title='bbox 161 1923 268 2026; x_wconf 86' lang='lat' dir='ltr'><strong>quod</strong></span> <span class='ocrx_word' id='word_1_41' title='bbox 294 1923 492 2000; x_wconf 86' lang='lat' dir='ltr'><strong>emendare</strong></span> <span class='ocrx_word' id='word_1_42' title='bbox 518 1925 651 2018; x_wconf 89' lang='lat' dir='ltr'><strong>nollet,</strong></span> <span class='ocrx_word' id='word_1_43' title='bbox 681 1938 745 2000; x_wconf 90' lang='lat' dir='ltr'><strong>aut</strong></span> <span class='ocrx_word' id='word_1_44' title='bbox 772 1950 849 1998; x_wconf 89' lang='lat' dir='ltr'><strong>non</strong></span> <span class='ocrx_word' id='word_1_45' title='bbox 876 1941 1015 2026; x_wconf 88' lang='lat' dir='ltr'><strong>posset,</strong></span> <span class='ocrx_word' id='word_1_46' title='bbox 1038 1954 1144 2000; x_wconf 89' lang='lat' dir='ltr'><strong>nun-</strong></span> 
     </span>
     <span class='ocr_line' id='line_1_10' title="bbox 162 2045 1145 2150; baseline -0.002 -28"><span class='ocrx_word' id='word_1_47' title='bbox 162 2073 278 2150; x_wconf 85' lang='lat' dir='ltr'><strong>quam</strong></span> <span class='ocrx_word' id='word_1_48' title='bbox 297 2047 344 2120; x_wconf 88' lang='lat' dir='ltr'><strong>ab</strong></span> <span class='ocrx_word' id='word_1_49' title='bbox 366 2047 450 2140; x_wconf 92' lang='lat' dir='ltr'><strong>illo,</strong></span> <span class='ocrx_word' id='word_1_50' title='bbox 474 2062 538 2120; x_wconf 88' lang='lat' dir='ltr'><strong>aut</strong></span> <span class='ocrx_word' id='word_1_51' title='bbox 560 2045 605 2120; x_wconf 88' lang='lat' dir='ltr'><strong>dc</strong></span> <span class='ocrx_word' id='word_1_52' title='bbox 625 2050 699 2122; x_wconf 84' lang='lat' dir='ltr'><strong>suis</strong></span> <span class='ocrx_word' id='word_1_53' title='bbox 719 2047 897 2121; x_wconf 82' lang='lat' dir='ltr'><strong>auxilium</strong></span> <span class='ocrx_word' id='word_1_54' title='bbox 919 2051 993 2120; x_wconf 84' lang='lat' dir='ltr'><strong>sive</strong></span> <span class='ocrx_word' id='word_1_55' title='bbox 1020 2052 1145 2122; x_wconf 88' lang='lat' dir='ltr'><strong>consi-</strong></span> 
     </span>
     <span class='ocr_line' id='line_1_11' title="bbox 162 2164 1145 2270; baseline 0.002 -28"><span class='ocrx_word' id='word_1_56' title='bbox 162 2164 278 2262; x_wconf 92' lang='lat' dir='ltr'><strong>lium,</strong></span> <span class='ocrx_word' id='word_1_57' title='bbox 294 2172 370 2244; x_wconf 87' lang='lat' dir='ltr'><strong>sive</strong></span> <span class='ocrx_word' id='word_1_58' title='bbox 384 2169 678 2270; x_wconf 80' lang='lat' dir='ltr'><strong>receptaculum,</strong></span> <span class='ocrx_word' id='word_1_59' title='bbox 696 2167 800 2270; x_wconf 88' lang='lat' dir='ltr'><strong>quod</strong></span> <span class='ocrx_word' id='word_1_60' title='bbox 813 2167 861 2240; x_wconf 90' lang='lat' dir='ltr'><strong>ad</strong></span> <span class='ocrx_word' id='word_1_61' title='bbox 876 2167 1056 2242; x_wconf 89' lang='lat' dir='ltr'><strong>damnum</strong></span> <span class='ocrx_word' id='word_1_62' title='bbox 1078 2195 1145 2244; x_wconf 82' lang='lat' dir='ltr'><strong>ve-</strong></span> 
     </span>
     <span class='ocr_line' id='line_1_12' title="bbox 162 2290 1145 2392; baseline 0.003 -28"><span class='ocrx_word' id='word_1_63' title='bbox 162 2293 261 2364; x_wconf 84' lang='lat' dir='ltr'><strong>niret</strong></span> <span class='ocrx_word' id='word_1_64' title='bbox 281 2293 480 2392; x_wconf 88' lang='lat' dir='ltr'><strong>episcopo,</strong></span> <span class='ocrx_word' id='word_1_65' title='bbox 504 2290 734 2392; x_wconf 86' lang='lat' dir='ltr'><strong>ecclesiaeque</strong></span> <span class='ocrx_word' id='word_1_66' title='bbox 753 2291 822 2364; x_wconf 90' lang='lat' dir='ltr'><strong>sibi</strong></span> <span class='ocrx_word' id='word_1_67' title='bbox 838 2293 1058 2364; x_wconf 75' lang='lat' dir='ltr'><strong>commissae:</strong></span> <span class='ocrx_word' id='word_1_68' title='bbox 1078 2319 1145 2368; x_wconf 86' lang='lat' dir='ltr'><strong>nec</strong></span> 
     </span>
     <span class='ocr_line' id='line_1_13' title="bbox 161 2412 1146 2507; baseline 0 -19"><span class='ocrx_word' id='word_1_69' title='bbox 161 2412 1146 2507; x_wconf 73' lang='lat' dir='ltr'><strong>suusesset,necsuumbeueficiumteneretsinc‘consi-</strong></span> 
     </span>
     <span class='ocr_line' id='line_1_14' title="bbox 161 2535 1144 2640; baseline 0.002 -30"><span class='ocrx_word' id='word_1_70' title='bbox 161 2536 215 2610; x_wconf 91' lang='lat' dir='ltr'><strong>lio</strong></span> <span class='ocrx_word' id='word_1_71' title='bbox 222 2541 400 2640; x_wconf 69' lang='lat' dir='ltr'><strong>episcopi,</strong></span> <span class='ocrx_word' id='word_1_72' title='bbox 410 2552 446 2612; x_wconf 89' lang='lat' dir='ltr'><strong>et</strong></span> <span class='ocrx_word' id='word_1_73' title='bbox 452 2540 607 2637; x_wconf 87' lang='lat' dir='ltr'><strong>juravit,</strong></span> <span class='ocrx_word' id='word_1_74' title='bbox 622 2535 724 2638; x_wconf 93' lang='lat' dir='ltr'><strong>quod</strong></span> <span class='ocrx_word' id='word_1_75' title='bbox 737 2535 808 2611; x_wconf 87' lang='lat' dir='ltr'><strong>hoc</strong></span> <span class='ocrx_word' id='word_1_76' title='bbox 820 2535 1024 2610; x_wconf 87' lang='lat' dir='ltr'><strong>secundum</strong></span> <span class='ocrx_word' id='word_1_77' title='bbox 1035 2564 1144 2612; x_wconf 90' lang='lat' dir='ltr'><strong>suum</strong></span> 
     </span>
     <span class='ocr_line' id='line_1_15' title="bbox 162 2657 1147 2762; baseline 0.002 -28"><span class='ocrx_word' id='word_1_78' title='bbox 162 2665 346 2760; x_wconf 78' lang='lat' dir='ltr'><strong>scirc,pcr</strong></span> <span class='ocrx_word' id='word_1_79' title='bbox 353 2675 489 2736; x_wconf 87' lang='lat' dir='ltr'><strong>rectam</strong></span> <span class='ocrx_word' id='word_1_80' title='bbox 502 2659 615 2731; x_wconf 88' lang='lat' dir='ltr'><strong>fidem</strong></span> <span class='ocrx_word' id='word_1_81' title='bbox 630 2657 846 2732; x_wconf 82' lang='lat' dir='ltr'><strong>adtenderet</strong></span> <span class='ocrx_word' id='word_1_82' title='bbox 857 2662 934 2732; x_wconf 89' lang='lat' dir='ltr'><strong>sinc</strong></span> <span class='ocrx_word' id='word_1_83' title='bbox 947 2661 1147 2762; x_wconf 74' lang='lat' dir='ltr'><strong>maloinge·</strong></span> 
     </span>
     <span class='ocr_line' id='line_1_16' title="bbox 164 2779 1145 2884; baseline -0.004 -24"><span class='ocrx_word' id='word_1_84' title='bbox 164 2786 474 2884; x_wconf 80' lang='lat' dir='ltr'><strong>ni0.lvojuravit,</strong></span> <span class='ocrx_word' id='word_1_85' title='bbox 484 2779 715 2882; x_wconf 89' lang='lat' dir='ltr'><strong>quodcomes</strong></span> <span class='ocrx_word' id='word_1_86' title='bbox 725 2784 811 2854; x_wconf 93' lang='lat' dir='ltr'><strong>Otto</strong></span> <span class='ocrx_word' id='word_1_87' title='bbox 824 2807 891 2854; x_wconf 91' lang='lat' dir='ltr'><strong>suo</strong></span> <span class='ocrx_word' id='word_1_88' title='bbox 903 2781 1055 2854; x_wconf 89' lang='lat' dir='ltr'><strong>consilio</strong></span> <span class='ocrx_word' id='word_1_89' title='bbox 1068 2809 1145 2856; x_wconf 89' lang='lat' dir='ltr'><strong>non</strong></span> 
     </span>
     <span class='ocr_line' id='line_1_17' title="bbox 165 2899 1146 3006; baseline 0 -25"><span class='ocrx_word' id='word_1_90' title='bbox 165 2899 1146 3006; x_wconf 85' lang='lat' dir='ltr'><strong>dimitteret,quinsacramentumsupradictumadten-</strong></span> 
     </span>
     <span class='ocr_line' id='line_1_18' title="bbox 165 3025 1147 3130; baseline -0.004 -24"><span class='ocrx_word' id='word_1_91' title='bbox 165 3031 289 3124; x_wconf 88' lang='lat' dir='ltr'><strong>deret,</strong></span> <span class='ocrx_word' id='word_1_92' title='bbox 305 3044 341 3102; x_wconf 87' lang='lat' dir='ltr'><strong>et</strong></span> <span class='ocrx_word' id='word_1_93' title='bbox 357 3031 387 3102; x_wconf 86' lang='lat' dir='ltr'><strong>si</strong></span> <span class='ocrx_word' id='word_1_94' title='bbox 404 3030 499 3103; x_wconf 85' lang='lat' dir='ltr'><strong>exire</strong></span> <span class='ocrx_word' id='word_1_95' title='bbox 517 3028 644 3118; x_wconf 86' lang='lat' dir='ltr'><strong>vellet,</strong></span> <span class='ocrx_word' id='word_1_96' title='bbox 662 3055 729 3129; x_wconf 82' lang='lat' dir='ltr'><strong>pec</strong></span> <span class='ocrx_word' id='word_1_97' title='bbox 748 3041 884 3100; x_wconf 86' lang='lat' dir='ltr'><strong>&#39;rectam</strong></span> <span class='ocrx_word' id='word_1_98' title='bbox 908 3025 1020 3099; x_wconf 87' lang='lat' dir='ltr'><strong>fidem</strong></span> <span class='ocrx_word' id='word_1_99' title='bbox 1044 3031 1147 3130; x_wconf 90' lang='lat' dir='ltr'><strong>sequi</strong></span> 
     </span>
     <span class='ocr_line' id='line_1_19' title="bbox 166 3149 1147 3252; baseline -0.004 -23"><span class='ocrx_word' id='word_1_100' title='bbox 166 3155 301 3229; x_wconf 82' lang='lat' dir='ltr'><strong>faceret</strong></span> <span class='ocrx_word' id='word_1_101' title='bbox 317 3155 345 3226; x_wconf 90' lang='lat' dir='ltr'><strong>si</strong></span> <span class='ocrx_word' id='word_1_102' title='bbox 363 3165 501 3252; x_wconf 89' lang='lat' dir='ltr'><strong>posset,</strong></span> <span class='ocrx_word' id='word_1_103' title='bbox 518 3164 554 3223; x_wconf 91' lang='lat' dir='ltr'><strong>et</strong></span> <span class='ocrx_word' id='word_1_104' title='bbox 568 3153 597 3224; x_wconf 88' lang='lat' dir='ltr'><strong>si</strong></span> <span class='ocrx_word' id='word_1_105' title='bbox 618 3153 656 3222; x_wconf 92' lang='lat' dir='ltr'><strong>in</strong></span> <span class='ocrx_word' id='word_1_106' title='bbox 679 3151 828 3250; x_wconf 87' lang='lat' dir='ltr'><strong>culpam</strong></span> <span class='ocrx_word' id='word_1_107' title='bbox 848 3149 1012 3242; x_wconf 85' lang='lat' dir='ltr'><strong>caderet,</strong></span> <span class='ocrx_word' id='word_1_108' title='bbox 1034 3177 1147 3250; x_wconf 89' lang='lat' dir='ltr'><strong>quam</strong></span> 
     </span>
     <span class='ocr_line' id='line_1_20' title="bbox 167 3271 1149 3370; baseline -0.005 -18"><span class='ocrx_word' id='word_1_109' title='bbox 167 3275 365 3352; x_wconf 86' lang='lat' dir='ltr'><strong>emendare</strong></span> <span class='ocrx_word' id='word_1_110' title='bbox 381 3275 514 3366; x_wconf 90' lang='lat' dir='ltr'><strong>nollet,</strong></span> <span class='ocrx_word' id='word_1_111' title='bbox 534 3287 689 3345; x_wconf 81' lang='lat' dir='ltr'><strong>autnon</strong></span> <span class='ocrx_word' id='word_1_112' title='bbox 707 3285 844 3370; x_wconf 83' lang='lat' dir='ltr'><strong>posset,</strong></span> <span class='ocrx_word' id='word_1_113' title='bbox 864 3271 1060 3344; x_wconf 87' lang='lat' dir='ltr'><strong>consilium</strong></span> <span class='ocrx_word' id='word_1_114' title='bbox 1073 3277 1149 3347; x_wconf 84' lang='lat' dir='ltr'><strong>sive</strong></span> 
     </span>
     <span class='ocr_line' id='line_1_21' title="bbox 167 3393 1150 3495; baseline -0.004 -21"><span class='ocrx_word' id='word_1_115' title='bbox 167 3401 373 3492; x_wconf 67' lang='lat' dir='ltr'><strong>auxilinm,</strong></span> <span class='ocrx_word' id='word_1_116' title='bbox 403 3400 479 3471; x_wconf 79' lang='lat' dir='ltr'><strong>sive</strong></span> <span class='ocrx_word' id='word_1_117' title='bbox 507 3393 782 3495; x_wconf 80' lang='lat' dir='ltr'><strong>receptaculum</strong></span> <span class='ocrx_word' id='word_1_118' title='bbox 803 3395 839 3466; x_wconf 85' lang='lat' dir='ltr'><strong>ci</strong></span> <span class='ocrx_word' id='word_1_119' title='bbox 858 3417 935 3466; x_wconf 83' lang='lat' dir='ltr'><strong>uun</strong></span> <span class='ocrx_word' id='word_1_120' title='bbox 962 3407 1150 3492; x_wconf 74' lang='lat' dir='ltr'><strong>praestaret</strong></span> 
     </span>
     <span class='ocr_line' id='line_1_22' title="bbox 170 3513 1150 3624; baseline -0.007 -27"><span class='ocrx_word' id='word_1_121' title='bbox 170 3523 273 3624; x_wconf 92' lang='lat' dir='ltr'><strong>quod</strong></span> <span class='ocrx_word' id='word_1_122' title='bbox 288 3535 377 3595; x_wconf 82' lang='lat' dir='ltr'><strong>esset</strong></span> <span class='ocrx_word' id='word_1_123' title='bbox 392 3519 439 3592; x_wconf 83' lang='lat' dir='ltr'><strong>a&#39;d</strong></span> <span class='ocrx_word' id='word_1_124' title='bbox 454 3517 633 3590; x_wconf 80' lang='lat' dir='ltr'><strong>damnum</strong></span> <span class='ocrx_word' id='word_1_125' title='bbox 647 3515 817 3616; x_wconf 88' lang='lat' dir='ltr'><strong>episcopo</strong></span> <span class='ocrx_word' id='word_1_126' title='bbox 831 3513 1024 3608; x_wconf 69' lang='lat' dir='ltr'><strong>cerardo,</strong></span> <span class='ocrx_word' id='word_1_127' title='bbox 1037 3516 1150 3590; x_wconf 86' lang='lat' dir='ltr'><strong>eccle-</strong></span> 
     </span>
     <span class='ocr_line' id='line_1_23' title="bbox 171 3637 1148 3746; baseline -0.003 -27"><span class='ocrx_word' id='word_1_128' title='bbox 171 3643 390 3746; x_wconf 75' lang='lat' dir='ltr'><strong>tiaequesibi</strong></span> <span class='ocrx_word' id='word_1_129' title='bbox 404 3643 625 3736; x_wconf 81' lang='lat' dir='ltr'><strong>commissae,</strong></span> <span class='ocrx_word' id='word_1_130' title='bbox 648 3655 685 3714; x_wconf 89' lang='lat' dir='ltr'><strong>et</strong></span> <span class='ocrx_word' id='word_1_131' title='bbox 704 3637 807 3740; x_wconf 87' lang='lat' dir='ltr'><strong>quod</strong></span> <span class='ocrx_word' id='word_1_132' title='bbox 827 3639 899 3714; x_wconf 90' lang='lat' dir='ltr'><strong>hoc</strong></span> <span class='ocrx_word' id='word_1_133' title='bbox 921 3665 988 3738; x_wconf 84' lang='lat' dir='ltr'><strong>per</strong></span> <span class='ocrx_word' id='word_1_134' title='bbox 1011 3651 1148 3742; x_wconf 78' lang='lat' dir='ltr'><strong>rectam</strong></span> 
     </span>
     <span class='ocr_line' id='line_1_24' title="bbox 173 3763 1149 3864; baseline -0.006 -18"><span class='ocrx_word' id='word_1_135' title='bbox 173 3769 284 3846; x_wconf 74' lang='lat' dir='ltr'><strong>lidum</strong></span> <span class='ocrx_word' id='word_1_136' title='bbox 301 3769 529 3861; x_wconf 85' lang='lat' dir='ltr'><strong>observaret,</strong></span> <span class='ocrx_word' id='word_1_137' title='bbox 548 3770 626 3842; x_wconf 84' lang='lat' dir='ltr'><strong>sine</strong></span> <span class='ocrx_word' id='word_1_138' title='bbox 642 3763 741 3854; x_wconf 74' lang='lat' dir='ltr'><strong>male</strong></span> <span class='ocrx_word' id='word_1_139' title='bbox 756 3767 926 3864; x_wconf 75' lang='lat' dir='ltr'><strong>ingenio,</strong></span> <span class='ocrx_word' id='word_1_140' title='bbox 941 3764 1040 3840; x_wconf 82' lang='lat' dir='ltr'><strong>salva</strong></span> <span class='ocrx_word' id='word_1_141' title='bbox 1053 3763 1149 3860; x_wconf 62' lang='lat' dir='ltr'><strong>lide-⁴</strong></span> 
     </span>
     <span class='ocr_line' id='line_1_25' title="bbox 174 3879 916 3994; baseline -0.009 -29"><span class='ocrx_word' id='word_1_142' title='bbox 174 3890 273 3968; x_wconf 87' lang='lat' dir='ltr'><strong>litate</strong></span> <span class='ocrx_word' id='word_1_143' title='bbox 288 3891 431 3994; x_wconf 83' lang='lat' dir='ltr'><strong>domini</strong></span> <span class='ocrx_word' id='word_1_144' title='bbox 445 3894 515 3966; x_wconf 88' lang='lat' dir='ltr'><strong>sui.</strong></span> <span class='ocrx_word' id='word_1_145' title='bbox 911 3879 916 3888; x_wconf 70' lang='grc'><strong>’</strong></span> 
     </span>
    </p>
   </div>
   <div class='ocr_carea' id='block_1_5' title="bbox 0 0 1516 4976">
    <p class='ocr_par' dir='ltr' id='par_1_5' title="bbox 0 0 1516 4976">
     <span class='ocr_line' id='line_1_26' title="bbox 0 0 1516 4976; baseline 0 0"><span class='ocrx_word' id='word_1_146' title='bbox 0 0 1516 4976; x_wconf 95' lang='lat' dir='ltr'><strong> </strong></span> 
     </span>
    </p>
   </div>
  </div>
 </body>
</html>
