2906 4970
365 571 424 652 ato
663 579 783 627 annon.
803 579 882 626 can.
900 579 943 625 nr
962 579 1039 624 arn.

695 839 857 1022 illan,
912 813 993 966 xl.

363 1163 576 1204 lnonnntttnus
584 1161 676 1202 ABBAS
689 1159 858 1202 natmtntssts
875 1157 1062 1201 mutuatos!
1076 1161 1185 1202 VlVEN!
1193 1189 1200 1209 .
1209 1163 1229 1203 Δ
1239 1163 1338 1204 GM·

391 1241 431 1298 ,⁰⁰
446 1243 484 1280 ΒΤ
499 1241 636 1282 VULPOM
655 1241 838 1284 ΒΕΡΟΜΤΠΒ,
853 1238 1078 1280 summorum
1097 1239 1169 1283 Ειῐῑῐῦ
1186 1239 1286 1282 well!
1303 1240 1338 1278 nt·

390 1319 516 1359 omno.
542 1318 705 1358 RICEARDUS
735 1317 828 1356 Annas
854 1317 876 1356 8·
900 1317 1025 1355 vnnnsrt
1049 1317 1122 1356 onus
1148 1317 1337 1358 suumn

391 1397 502 1437 ΙΝΜἚ
514 1397 657 1442 ΒΙΡΟΜΤ,
670 1395 850 1436 sanmuro
863 1395 1003 1442 utnmtto,
1013 1395 1052 1437 ΕΙ
1065 1395 1203 1438 conatuo
1218 1395 1338 1438 (inulti

392 1473 535 1515 nucum.

372 1672 462 1784 Soa
479 1710 608 1785 iisdem
619 1684 763 1805 diebus,
781 1709 1049 1810 Engcbrandus
1064 1711 1270 1786 monachus
1285 1711 1339 1784 ab·

367 1835 477 1908 batiae
491 1835 704 1908 Laubiensis
720 1834 877 1907 ccclesiae
894 1849 1070 1935 praerat:
1087 1833 1152 1906 sed
1172 1834 1244 1907 sub
1265 1857 1341 1932 spe-

367 1962 421 2032 cie
434 1959 610 2056 regularis
624 1957 773 2030 babitus
795 1955 1017 2030 saeculariter
1037 1959 1191 2049 vivens,
1211 1979 1341 2032 nomen

261 2100 265 2112 ‘
368 2080 478 2153 officii
510 2079 766 2179 impugnabat.
802 2075 904 2150 Nihil
939 2079 1040 2150 enim
1073 2078 1261 2176 religionis
1288 2079 1343 2147 in-

367 2204 480 2274 terius
492 2200 742 2292 doctrinabat,
755 2212 795 2271 et
809 2200 967 2272 exterius
979 2199 1078 2272 bona
1093 2199 1255 2273 ecclesiae
1268 2212 1341 2270 tur-

367 2326 463 2423 piter
489 2322 700 2422 dissipabat.
724 2319 832 2394 Unde
856 2320 1037 2421 quidnam
1059 2335 1210 2422 agerent
1239 2319 1341 2393 ambo

367 2448 547 2544 episcopi,
577 2443 763 2516 Gerardus
791 2441 964 2516 videlicet
991 2458 1028 2516 ct
1054 2442 1232 2543 Vulpodo
1256 2443 1342 2514 invi·

368 2589 448 2639 cem
478 2565 730 2655 consulentes,
747 2566 812 2637 iste
837 2567 925 2663 quia
943 2568 982 2638 in
998 2590 1065 2638 sua
1094 2565 1273 2665 parochia
1296 2575 1341 2636 est

367 2685 536 2780 eeclesia,
559 2687 621 2758 ille
644 2689 732 2785 quia
750 2687 789 2758 in
813 2709 882 2758 suo
900 2685 1048 2760 abbatia
1069 2701 1122 2760 est
1142 2686 1339 2772 territorio,

368 2833 454 2880 eum
493 2811 621 2909 ejicere
656 2808 893 2900 moliuntur,
925 2822 964 2879 et
995 2805 1144 2886 tandem
1178 2806 1339 2882 effectum

368 2927 511 3029 adepti,
526 2928 590 3002 sed
607 2954 683 3002 non
699 2932 778 3002 sine
794 2954 929 3026 magno
945 2906 1090 3022 labore,
1106 2929 1342 3029 pepulerunt..

368 3053 441 3143 Qui
469 3066 594 3152 postea
617 3051 826 3152 depositum
844 3077 881 3125 se
901 3052 1039 3152 absque
1069 3053 1177 3152 legali
1204 3049 1338 3152 judicio

369 3187 566 3268 attestans,
594 3173 738 3248 tamdiu
765 3173 937 3248 adversus
960 3177 1148 3275 episcopos
1171 3175 1339 3248 clamores

369 3299 557 3390 excitavit,
588 3297 700 3390 dum,
720 3294 860 3370 indicto
879 3297 1035 3397 placito,
1050 3295 1164 3369 iidem
1177 3294 1338 3396 episcopi

369 3423 505 3493 iterum
525 3403 616 3494 cum¹
634 3419 760 3492 multis
782 3418 978 3492 abbatibus
1005 3422 1272 3512 convenirent,
1297 3417 1341 3490 il-

368 3540 523 3640 lumque
538 3567 662 3614 coram
677 3542 780 3612 omni
794 3541 935 3641 populo
952 3539 1157 3614 confessum
1171 3557 1209 3614 ct
1222 3539 1340 3614 devic-

372 3675 451 3732 tum
470 3666 646 3736 canonice
663 3663 709 3736 ab
727 3662 848 3738 officio
860 3667 945 3762 jure
960 3666 1176 3764 privassent.
1186 3669 1230 3736 In
1244 3665 1339 3762 cujus

371 3784 451 3856 vice
465 3781 708 3877 bichardum,
727 3805 880 3858 summae
899 3786 1084 3884 religionis
1101 3789 1240 3878 virum,
1251 3783 1339 3856 divi-

372 3931 421 3980 na
435 3909 551 4005 gratia
568 3906 860 4008 praeordinante,
876 3909 1207 4009 substituunt,qui
1221 3907 1341 4006 etapi-

374 4030 568 4104 ritualibus
589 4027 765 4122 doctrinis
791 4031 992 4114 monachos
1017 4031 1289 4124 aedificaverat,
1311 4039 1342 4100 et
