2902 4972
444 567 494 612 nu
512 567 631 616 canon.
657 568 749 614 naun.
1007 521 1086 616 ῖθῖ

109 731 193 829 igne
218 734 257 804 iu
283 735 495 805 summitate
521 731 661 831 pedum
682 757 849 826 accensa,
873 733 923 808 ad
947 739 1084 808 ostium

111 856 223 926 nostri
243 856 474 946 monasterii,
499 877 612 926 curru
632 854 805 929 subvecta
826 854 1026 954 deponitur
1049 873 1086 931 et

109 975 327 1050 lachrimosas
353 977 509 1077 suspiria
540 973 630 1048 diris
658 981 836 1076 permixta
865 979 1085 1052 clamoribus

108 1102 293 1192 emittens,
308 1125 460 1173 suorum
476 1100 660 1192 manibus,
669 1103 868 1174 comitante
883 1100 1090 1174 turbamul-

111 1235 166 1314 ta,
195 1247 282 1295 nam
308 1222 355 1298 de
380 1223 490 1294 simili
521 1247 633 1322 poena
653 1223 723 1295 sibi
743 1226 900 1322 quisque
915 1221 1085 1313 timebat,

110 1369 230 1445 prope
256 1346 369 1419 altare
398 1350 434 1418 S.
463 1345 618 1420 Andreae
636 1343 851 1421 collocatur.
873 1349 982 1419 Ocui
1012 1359 1088 1418 tam

111 1491 260 1539 saxeum
277 1483 421 1568 pectus,
439 1483 587 1568 tamque
610 1467 727 1542 ferrea
746 1495 850 1543 meus
871 1483 960 1542 tunc
975 1471 1089 1544 inesse
1204 1509 1205 1512 ¹

111 1602 250 1686 posset,
268 1617 379 1690 quem
395 1592 448 1664 illi
464 1591 590 1682 fletus,
607 1593 660 1664 illi
676 1591 820 1666 dolores
838 1595 978 1666 miserae
1001 1619 1089 1665 mu-

112 1708 230 1803 lieris,
246 1715 282 1784 S.
302 1716 509 1813 apostolum
527 1717 666 1814 jugiter
688 1717 910 1808 invocantis,
939 1717 997 1790 vel
1024 1741 1089 1790 us-

114 1859 186 1930 que
203 1833 251 1906 ad
265 1834 460 1910 lachrimas
480 1863 557 1910 uon
575 1837 804 1911 emollirent?
819 1839 913 1909 Nam
929 1841 989 1910 cui
1013 1837 1090 1912 hu-

109 1982 225 2039 ,maua
241 1958 410 2056 praesidia
424 1961 530 2033 nullo
544 1959 657 2033 modo
676 1975 848 2061 poterant
870 1962 1086 2054 subvenire,

116 2075 185 2152 hoc
206 2081 326 2152 solum
353 2081 512 2156 restabat
531 2084 703 2155 solatium
725 2107 794 2182 pro
818 2107 860 2153 ea
883 2097 1089 2181 respectum

116 2198 251 2276 divinae
265 2207 410 2304 pietatis
427 2205 639 2306 implorare.
660 2207 765 2276 Tunc
788 2207 1018 2303 antiquiores·
1034 2229 1092 2277 se·-

117 2327 265 2400 niorum
290 2343 522 2419 nostrorum,
551 2353 637 2402 cum
665 2331 887 2421 reverentia,
920 2328 1092 2428 reliquias

116 2448 152 2518 S.
167 2448 326 2523 Andreae
341 2453 546 2550 accipiunt,
570 2465 607 2522 et
625 2449 750 2524 locum
774 2449 846 2522 diri
867 2452 1029 2524 vulneris
1052 2477 1094 2524 ex

119 2574 167 2646 eis
194 2575 381 2672 signantes
414 2588 469 2646 ter
495 2571 653 2674 pedibus
673 2575 772 2674 ejus,
795 2573 951 2647 modum
977 2577 1094 2648 crucis

119 2695 439 2768 circumtulerunt.
456 2694 566 2788 Quod
579 2710 621 2769 ut
644 2697 781 2770 factum
804 2711 876 2788 est,
905 2697 968 2768 illa
997 2723 1094 2797 pau-

120 2817 222 2892 latim
251 2845 273 2890 a
298 2819 520 2892 clamoribus
546 2822 753 2919 quiescens,
776 2821 991 2892 summatim
1019 2821 1096 2892 visa

113 2954 172 3012 est
187 2940 372 3033 dormire,
388 2939 555 3040 viditque
568 2944 690 3016 virum
712 2943 812 3016 canis
836 2943 1001 3014 crinibus
1027 2940 1096 3014 de-

122 3085 271 3156 corum,
290 3061 400 3136 hilari
417 3079 453 3136 et
473 3065 673 3140 reverenda
695 3066 805 3158 facie,
827 3080 924 3138 reste
947 3089 1097 3164 quoque

123 3184 281 3258 candida
300 3187 370 3259 sibi
391 3186 580 3281 adsistere,
601 3202 639 3260 et
665 3189 760 3260 sicut
778 3202 887 3260 autea
909 3189 1095 3288 reliquiis,

123 3310 290 3382 similiter
309 3311 441 3383 eodem
461 3308 575 3382 modo
595 3311 720 3381 locum
741 3307 878 3382 doloris
898 3333 1012 3380 manu
1033 3335 1099 3382 sua

124 3436 288 3531 signare,
305 3438 408 3507 etsie
423 3455 574 3506 omnem
595 3430 765 3504 ardorem
787 3433 988 3504 extinctum
1008 3455 1097 3504 esse.

126 3555 209 3629 llox
231 3557 293 3630 illa
315 3559 489 3648 excitata,
513 3554 712 3628 abcumem
738 3555 841 3654 sequi
864 3567 1014 3645 conata,
1037 3579 1102 3628 ex-

126 3682 361 3756 clarnatvoce
378 3706 511 3781 magua
529 3684 565 3753 S.
589 3678 775 3752 Andream
799 3673 939 3774 adesse,
965 3693 1002 3753 et
1024 3705 1102 3753 non

127 3801 267 3878 fallitur
280 3807 419 3904 integre
440 3806 619 3878 restituta.
645 3799 704 3875 Ad
728 3801 826 3876 hanc
845 3804 1100 3876 concurrimus

129 3952 274 4022 omnes,
290 3943 326 4002 et
347 3930 444 4002 ultra
460 3953 575 4030 quam
596 3927 700 4000 credi
723 3929 852 4028 possit,
878 3923 1103 4024 gaudentem

121 4066 165 4123 et
178 4055 282 4150 quasi
301 4067 489 4154 resumpto
508 4055 640 4152 spiritu
658 4054 866 4128 suscitatam
890 4049 1099 4138 intuemur,
