<?xml version="1.0" encoding="UTF-8"?>
<!DOCTYPE html PUBLIC "-//W3C//DTD XHTML 1.0 Transitional//EN"
    "http://www.w3.org/TR/xhtml1/DTD/xhtml1-transitional.dtd">
<html xmlns="http://www.w3.org/1999/xhtml" xml:lang="en" lang="en">
 <head>
  <title>
</title>
<meta http-equiv="Content-Type" content="text/html;charset=utf-8" />
  <meta name='ocr-system' content='tesseract 3.04.00' />
  <meta name='ocr-capabilities' content='ocr_page ocr_carea ocr_par ocr_line ocrx_word'/>
</head>
<body>
  <div class='ocr_page' id='page_1' title='image "./chroniquedarras00glaygoog_0412.png"; bbox 0 0 2902 4972; ppageno 0'>
   <div class='ocr_carea' id='block_1_1' title="bbox 1237 471 1334 490">
    <p class='ocr_par' dir='ltr' id='par_1_1' title="bbox 1237 471 1334 490">
     <span class='ocr_line' id='line_1_1' title="bbox 1237 471 1334 490; baseline 0 0"><span class='ocrx_word' id='word_1_1' title='bbox 1237 471 1334 490; x_wconf 65' lang='lat' dir='ltr'><strong>——nfl-</strong></span> 
     </span>
    </p>
   </div>
   <div class='ocr_carea' id='block_1_2' title="bbox 358 519 956 576">
    <p class='ocr_par' dir='ltr' id='par_1_2' title="bbox 358 519 956 576">
     <span class='ocr_line' id='line_1_2' title="bbox 358 519 956 576; baseline -0.008 -1"><span class='ocrx_word' id='word_1_2' title='bbox 358 519 416 576; x_wconf 73' lang='lat'><strong>3⁷6</strong></span> <span class='ocrx_word' id='word_1_3' title='bbox 723 525 794 571; x_wconf 72' lang='lat' dir='ltr'><strong>arr.</strong></span> <span class='ocrx_word' id='word_1_4' title='bbox 825 525 956 571; x_wconf 73' lang='lat' dir='ltr'><strong>aarum</strong></span> 
     </span>
    </p>
   </div>
   <div class='ocr_carea' id='block_1_3' title="bbox 275 671 1335 3616">
    <p class='ocr_par' dir='ltr' id='par_1_3' title="bbox 275 671 1335 3616">
     <span class='ocr_line' id='line_1_3' title="bbox 354 671 1333 790; baseline -0.002 -24"><span class='ocrx_word' id='word_1_5' title='bbox 354 694 462 782; x_wconf 85' lang='lat' dir='ltr'><strong>ratis,</strong></span> <span class='ocrx_word' id='word_1_6' title='bbox 495 689 592 761; x_wconf 89' lang='lat' dir='ltr'><strong>nihil</strong></span> <span class='ocrx_word' id='word_1_7' title='bbox 620 671 788 789; x_wconf 80' lang='lat' dir='ltr'><strong>profecit.</strong></span> <span class='ocrx_word' id='word_1_8' title='bbox 821 687 986 761; x_wconf 83' lang='lat' dir='ltr'><strong>Tandem</strong></span> <span class='ocrx_word' id='word_1_9' title='bbox 1021 713 1109 788; x_wconf 78' lang='lat' dir='ltr'><strong>ergo</strong></span> <span class='ocrx_word' id='word_1_10' title='bbox 1139 705 1333 790; x_wconf 83' lang='lat' dir='ltr'><strong>compacta</strong></span> 
     </span>
     <span class='ocr_line' id='line_1_4' title="bbox 355 811 1335 910; baseline -0.004 -22"><span class='ocrx_word' id='word_1_11' title='bbox 355 811 582 910; x_wconf 86' lang='lat' dir='ltr'><strong>concordia(</strong></span> <span class='ocrx_word' id='word_1_12' title='bbox 590 837 677 884; x_wconf 87' lang='lat' dir='ltr'><strong>nam</strong></span> <span class='ocrx_word' id='word_1_13' title='bbox 700 837 736 884; x_wconf 87' lang='lat' dir='ltr'><strong>se</strong></span> <span class='ocrx_word' id='word_1_14' title='bbox 760 811 981 884; x_wconf 88' lang='lat' dir='ltr'><strong>alterutrum</strong></span> <span class='ocrx_word' id='word_1_15' title='bbox 1004 811 1246 910; x_wconf 82' lang='lat' dir='ltr'><strong>metuebant)</strong></span> <span class='ocrx_word' id='word_1_16' title='bbox 1264 815 1335 884; x_wconf 89' lang='lat' dir='ltr'><strong>im-</strong></span> 
     </span>
     <span class='ocr_line' id='line_1_5' title="bbox 354 934 1334 1038; baseline -0.001 -27"><span class='ocrx_word' id='word_1_17' title='bbox 354 953 503 1038; x_wconf 87' lang='lat' dir='ltr'><strong>perator</strong></span> <span class='ocrx_word' id='word_1_18' title='bbox 519 940 694 1012; x_wconf 74' lang='lat' dir='ltr'><strong>concessit</strong></span> <span class='ocrx_word' id='word_1_19' title='bbox 710 961 943 1035; x_wconf 86' lang='lat' dir='ltr'><strong>quaecunque</strong></span> <span class='ocrx_word' id='word_1_20' title='bbox 958 949 1062 1034; x_wconf 89' lang='lat' dir='ltr'><strong>pater</strong></span> <span class='ocrx_word' id='word_1_21' title='bbox 1075 961 1163 1008; x_wconf 87' lang='lat' dir='ltr'><strong>suus</strong></span> <span class='ocrx_word' id='word_1_22' title='bbox 1182 934 1334 1010; x_wconf 79' lang='lat' dir='ltr'><strong>dederat</strong></span> 
     </span>
     <span class='ocr_line' id='line_1_6' title="bbox 354 1057 1332 1158; baseline 0.001 -26"><span class='ocrx_word' id='word_1_23' title='bbox 354 1063 389 1132; x_wconf 89' lang='lat' dir='ltr'><strong>ei</strong></span> <span class='ocrx_word' id='word_1_24' title='bbox 413 1075 556 1152; x_wconf 88' lang='lat' dir='ltr'><strong>tenere,</strong></span> <span class='ocrx_word' id='word_1_25' title='bbox 574 1059 822 1134; x_wconf 87' lang='lat' dir='ltr'><strong>scilicethanc</strong></span> <span class='ocrx_word' id='word_1_26' title='bbox 836 1058 963 1131; x_wconf 82' lang='lat' dir='ltr'><strong>villam</strong></span> <span class='ocrx_word' id='word_1_27' title='bbox 985 1073 1022 1130; x_wconf 92' lang='lat' dir='ltr'><strong>et</strong></span> <span class='ocrx_word' id='word_1_28' title='bbox 1046 1057 1119 1131; x_wconf 87' lang='lat' dir='ltr'><strong>alia</strong></span> <span class='ocrx_word' id='word_1_29' title='bbox 1143 1058 1332 1158; x_wconf 80' lang='lat' dir='ltr'><strong>quaedam.</strong></span> 
     </span>
     <span class='ocr_line' id='line_1_7' title="bbox 354 1181 1332 1282; baseline 0.002 -26"><span class='ocrx_word' id='word_1_30' title='bbox 354 1185 450 1256; x_wconf 89' lang='lat' dir='ltr'><strong>Dein</strong></span> <span class='ocrx_word' id='word_1_31' title='bbox 467 1209 534 1282; x_wconf 84' lang='lat' dir='ltr'><strong>per</strong></span> <span class='ocrx_word' id='word_1_32' title='bbox 550 1185 789 1255; x_wconf 87' lang='lat' dir='ltr'><strong>Cameracum</strong></span> <span class='ocrx_word' id='word_1_33' title='bbox 807 1185 876 1253; x_wconf 90' lang='lat' dir='ltr'><strong>iter</strong></span> <span class='ocrx_word' id='word_1_34' title='bbox 892 1181 1028 1254; x_wconf 84' lang='lat' dir='ltr'><strong>faciens</strong></span> <span class='ocrx_word' id='word_1_35' title='bbox 1042 1181 1265 1274; x_wconf 87' lang='lat' dir='ltr'><strong>remeand0,</strong></span> <span class='ocrx_word' id='word_1_36' title='bbox 1284 1207 1332 1259; x_wconf 84' lang='lat' dir='ltr'><strong>xn</strong></span> 
     </span>
     <span class='ocr_line' id='line_1_8' title="bbox 356 1301 1331 1403; baseline -0.002 -26"><span class='ocrx_word' id='word_1_37' title='bbox 356 1303 403 1377; x_wconf 88' lang='lat' dir='ltr'><strong>de</strong></span> <span class='ocrx_word' id='word_1_38' title='bbox 426 1303 510 1375; x_wconf 86' lang='lat' dir='ltr'><strong>filiis</strong></span> <span class='ocrx_word' id='word_1_39' title='bbox 536 1306 745 1403; x_wconf 89' lang='lat' dir='ltr'><strong>potentium</strong></span> <span class='ocrx_word' id='word_1_40' title='bbox 775 1306 949 1394; x_wconf 85' lang='lat' dir='ltr'><strong>civitatis,</strong></span> <span class='ocrx_word' id='word_1_41' title='bbox 973 1301 1117 1376; x_wconf 88' lang='lat' dir='ltr'><strong>obsides</strong></span> <span class='ocrx_word' id='word_1_42' title='bbox 1139 1301 1331 1396; x_wconf 87' lang='lat' dir='ltr'><strong>videlicet,</strong></span> 
     </span>
     <span class='ocr_line' id='line_1_9' title="bbox 275 1422 1330 1525; baseline 0 -27"><span class='ocrx_word' id='word_1_43' title='bbox 275 1433 278 1442; x_wconf 83' lang='grc'>’</span> <span class='ocrx_word' id='word_1_44' title='bbox 357 1425 558 1524; x_wconf 86' lang='lat' dir='ltr'><strong>nequando</strong></span> <span class='ocrx_word' id='word_1_45' title='bbox 571 1427 667 1499; x_wconf 82' lang='lat' dir='ltr'><strong>cives</strong></span> <span class='ocrx_word' id='word_1_46' title='bbox 680 1428 749 1525; x_wconf 82' lang='lat' dir='ltr'><strong>ipsi</strong></span> <span class='ocrx_word' id='word_1_47' title='bbox 763 1425 810 1499; x_wconf 90' lang='lat' dir='ltr'><strong>ab</strong></span> <span class='ocrx_word' id='word_1_48' title='bbox 824 1427 903 1524; x_wconf 84' lang='lat' dir='ltr'><strong>ejus</strong></span> <span class='ocrx_word' id='word_1_49' title='bbox 915 1423 1092 1497; x_wconf 88' lang='lat' dir='ltr'><strong>fidelitate</strong></span> <span class='ocrx_word' id='word_1_50' title='bbox 1106 1422 1330 1518; x_wconf 87' lang='lat' dir='ltr'><strong>defluerent,</strong></span> 
     </span>
     <span class='ocr_line' id='line_1_10' title="bbox 356 1546 1333 1646; baseline -0.001 -25"><span class='ocrx_word' id='word_1_51' title='bbox 356 1546 657 1639; x_wconf 84' lang='lat' dir='ltr'><strong>abduxitsecum,</strong></span> <span class='ocrx_word' id='word_1_52' title='bbox 671 1549 794 1646; x_wconf 86' lang='lat' dir='ltr'><strong>sicque</strong></span> <span class='ocrx_word' id='word_1_53' title='bbox 802 1549 1109 1646; x_wconf 85' lang='lat' dir='ltr'><strong>repatriavit.Qui</strong></span> <span class='ocrx_word' id='word_1_54' title='bbox 1120 1601 1130 1641; x_wconf 88' lang='lat'><strong>,</strong></span> <span class='ocrx_word' id='word_1_55' title='bbox 1140 1572 1220 1620; x_wconf 92' lang='lat' dir='ltr'><strong>non</strong></span> <span class='ocrx_word' id='word_1_56' title='bbox 1236 1549 1333 1620; x_wconf 84' lang='lat' dir='ltr'><strong>mui-</strong></span> 
     </span>
     <span class='ocr_line' id='line_1_11' title="bbox 358 1669 1331 1770; baseline -0.002 -26"><span class='ocrx_word' id='word_1_57' title='bbox 358 1685 396 1744; x_wconf 90' lang='lat' dir='ltr'><strong>to</strong></span> <span class='ocrx_word' id='word_1_58' title='bbox 412 1686 513 1770; x_wconf 87' lang='lat' dir='ltr'><strong>post,</strong></span> <span class='ocrx_word' id='word_1_59' title='bbox 528 1673 683 1744; x_wconf 85' lang='lat' dir='ltr'>Romam</span> <span class='ocrx_word' id='word_1_60' title='bbox 703 1672 940 1770; x_wconf 82' lang='lat' dir='ltr'><strong>perveniens,</strong></span> <span class='ocrx_word' id='word_1_61' title='bbox 966 1669 1083 1742; x_wconf 87' lang='lat' dir='ltr'><strong>obviis</strong></span> <span class='ocrx_word' id='word_1_62' title='bbox 1102 1669 1172 1742; x_wconf 87' lang='lat' dir='ltr'><strong>sibi</strong></span> <span class='ocrx_word' id='word_1_63' title='bbox 1192 1669 1331 1744; x_wconf 85' lang='lat' dir='ltr'><strong>civibus</strong></span> 
     </span>
     <span class='ocr_line' id='line_1_12' title="bbox 355 1789 1332 1891; baseline -0.004 -25"><span class='ocrx_word' id='word_1_64' title='bbox 355 1795 551 1885; x_wconf 82' lang='lat' dir='ltr'><strong>Romanis,</strong></span> <span class='ocrx_word' id='word_1_65' title='bbox 564 1793 736 1866; x_wconf 87' lang='lat' dir='ltr'><strong>simulata</strong></span> <span class='ocrx_word' id='word_1_66' title='bbox 750 1817 840 1891; x_wconf 88' lang='lat' dir='ltr'><strong>pace</strong></span> <span class='ocrx_word' id='word_1_67' title='bbox 859 1791 929 1864; x_wconf 85' lang='lat' dir='ltr'><strong>sub</strong></span> <span class='ocrx_word' id='word_1_68' title='bbox 946 1789 1216 1890; x_wconf 88' lang='lat' dir='ltr'><strong>jurejurando,</strong></span> <span class='ocrx_word' id='word_1_69' title='bbox 1241 1791 1332 1864; x_wconf 89' lang='lat' dir='ltr'><strong>nulli</strong></span> 
     </span>
     <span class='ocr_line' id='line_1_13' title="bbox 355 1913 1328 2016; baseline -0.001 -28"><span class='ocrx_word' id='word_1_70' title='bbox 355 1941 486 1989; x_wconf 89' lang='lat' dir='ltr'><strong>eorum</strong></span> <span class='ocrx_word' id='word_1_71' title='bbox 502 1917 665 2016; x_wconf 89' lang='lat' dir='ltr'><strong>aliquam</strong></span> <span class='ocrx_word' id='word_1_72' title='bbox 679 1919 855 2016; x_wconf 88' lang='lat' dir='ltr'><strong>injuriam</strong></span> <span class='ocrx_word' id='word_1_73' title='bbox 869 1940 906 1988; x_wconf 82' lang='lat' dir='ltr'><strong>se</strong></span> <span class='ocrx_word' id='word_1_74' title='bbox 919 1913 1101 1988; x_wconf 90' lang='lat' dir='ltr'><strong>facturum</strong></span> <span class='ocrx_word' id='word_1_75' title='bbox 1114 1914 1328 2016; x_wconf 83' lang='lat' dir='ltr'><strong>spopondit,</strong></span> 
     </span>
     <span class='ocr_line' id='line_1_14' title="bbox 357 2038 1330 2140; baseline 0 -28"><span class='ocrx_word' id='word_1_76' title='bbox 357 2054 393 2112; x_wconf 90' lang='lat' dir='ltr'><strong>et</strong></span> <span class='ocrx_word' id='word_1_77' title='bbox 410 2043 449 2112; x_wconf 93' lang='lat' dir='ltr'><strong>in</strong></span> <span class='ocrx_word' id='word_1_78' title='bbox 467 2042 622 2112; x_wconf 91' lang='lat' dir='ltr'><strong>introitu</strong></span> <span class='ocrx_word' id='word_1_79' title='bbox 640 2039 818 2140; x_wconf 80' lang='lat' dir='ltr'><strong>templis.</strong></span> <span class='ocrx_word' id='word_1_80' title='bbox 838 2040 936 2111; x_wconf 89' lang='lat' dir='ltr'><strong>Petri</strong></span> <span class='ocrx_word' id='word_1_81' title='bbox 950 2038 1021 2110; x_wconf 93' lang='lat' dir='ltr'><strong>hoc</strong></span> <span class='ocrx_word' id='word_1_82' title='bbox 1041 2041 1164 2138; x_wconf 88' lang='lat' dir='ltr'><strong>ipsum</strong></span> <span class='ocrx_word' id='word_1_83' title='bbox 1186 2051 1330 2138; x_wconf 87' lang='lat' dir='ltr'><strong>aposto·</strong></span> 
     </span>
     <span class='ocr_line' id='line_1_15' title="bbox 356 2160 1332 2262; baseline -0.001 -29"><span class='ocrx_word' id='word_1_84' title='bbox 356 2161 429 2234; x_wconf 91' lang='lat' dir='ltr'><strong>lico</strong></span> <span class='ocrx_word' id='word_1_85' title='bbox 439 2165 593 2261; x_wconf 86' lang='lat' dir='ltr'><strong>juravit.</strong></span> <span class='ocrx_word' id='word_1_86' title='bbox 610 2160 680 2234; x_wconf 91' lang='lat' dir='ltr'><strong>Sed</strong></span> <span class='ocrx_word' id='word_1_87' title='bbox 693 2163 799 2254; x_wconf 79' lang='lat' dir='ltr'><strong>citius</strong></span> <span class='ocrx_word' id='word_1_88' title='bbox 813 2163 994 2262; x_wconf 79' lang='lat' dir='ltr'><strong>ingressus</strong></span> <span class='ocrx_word' id='word_1_89' title='bbox 1008 2161 1191 2259; x_wconf 89' lang='lat' dir='ltr'><strong>templum</strong></span> <span class='ocrx_word' id='word_1_90' title='bbox 1203 2175 1332 2235; x_wconf 84' lang='lat' dir='ltr'><strong>cuncta</strong></span> 
     </span>
     <span class='ocr_line' id='line_1_16' title="bbox 357 2283 1330 2384; baseline 0 -28"><span class='ocrx_word' id='word_1_91' title='bbox 357 2291 535 2384; x_wconf 87' lang='lat' dir='ltr'><strong>promissa</strong></span> <span class='ocrx_word' id='word_1_92' title='bbox 549 2288 664 2384; x_wconf 90' lang='lat' dir='ltr'><strong>rupit.</strong></span> <span class='ocrx_word' id='word_1_93' title='bbox 675 2287 768 2357; x_wconf 89' lang='lat' dir='ltr'><strong>Nam</strong></span> <span class='ocrx_word' id='word_1_94' title='bbox 782 2287 904 2384; x_wconf 85' lang='lat' dir='ltr'><strong>ipsum</strong></span> <span class='ocrx_word' id='word_1_95' title='bbox 912 2283 1154 2383; x_wconf 88' lang='lat' dir='ltr'><strong>apostolicum</strong></span> <span class='ocrx_word' id='word_1_96' title='bbox 1178 2283 1229 2358; x_wconf 91' lang='lat' dir='ltr'><strong>ad</strong></span> <span class='ocrx_word' id='word_1_97' title='bbox 1251 2309 1330 2358; x_wconf 90' lang='lat' dir='ltr'><strong>eum</strong></span> 
     </span>
     <span class='ocr_line' id='line_1_17' title="bbox 359 2407 1328 2510; baseline 0 -26"><span class='ocrx_word' id='word_1_98' title='bbox 359 2410 658 2486; x_wconf 90' lang='lat' dir='ltr'><strong>benedicendum</strong></span> <span class='ocrx_word' id='word_1_99' title='bbox 689 2425 725 2484; x_wconf 89' lang='lat' dir='ltr'><strong>et</strong></span> <span class='ocrx_word' id='word_1_100' title='bbox 755 2412 882 2486; x_wconf 84' lang='lat' dir='ltr'><strong>divina</strong></span> <span class='ocrx_word' id='word_1_101' title='bbox 909 2407 1118 2509; x_wconf 80' lang='lat' dir='ltr'><strong>peragenda</strong></span> <span class='ocrx_word' id='word_1_102' title='bbox 1140 2425 1328 2510; x_wconf 85' lang='lat' dir='ltr'><strong>paratum,</strong></span> 
     </span>
     <span class='ocr_line' id='line_1_18' title="bbox 355 2533 1332 2635; baseline -0.003 -28"><span class='ocrx_word' id='word_1_103' title='bbox 355 2539 508 2635; x_wconf 85' lang='lat' dir='ltr'><strong>jamque</strong></span> <span class='ocrx_word' id='word_1_104' title='bbox 521 2535 782 2634; x_wconf 86' lang='lat' dir='ltr'><strong>procedentem</strong></span> <span class='ocrx_word' id='word_1_105' title='bbox 796 2538 938 2635; x_wconf 87' lang='lat' dir='ltr'><strong>injectis</strong></span> <span class='ocrx_word' id='word_1_106' title='bbox 951 2534 1140 2627; x_wconf 86' lang='lat' dir='ltr'><strong>manibus,</strong></span> <span class='ocrx_word' id='word_1_107' title='bbox 1157 2535 1254 2608; x_wconf 92' lang='lat' dir='ltr'><strong>nihil</strong></span> <span class='ocrx_word' id='word_1_108' title='bbox 1268 2533 1332 2608; x_wconf 90' lang='lat' dir='ltr'><strong>tale</strong></span> 
     </span>
     <span class='ocr_line' id='line_1_19' title="bbox 360 2660 1329 2759; baseline 0 -29"><span class='ocrx_word' id='word_1_109' title='bbox 360 2660 606 2758; x_wconf 88' lang='lat' dir='ltr'><strong>suspicantem</strong></span> <span class='ocrx_word' id='word_1_110' title='bbox 622 2661 779 2759; x_wconf 89' lang='lat' dir='ltr'><strong>accepit,</strong></span> <span class='ocrx_word' id='word_1_111' title='bbox 796 2671 833 2730; x_wconf 90' lang='lat' dir='ltr'><strong>et</strong></span> <span class='ocrx_word' id='word_1_112' title='bbox 849 2673 998 2758; x_wconf 86' lang='lat' dir='ltr'><strong>coptum</strong></span> <span class='ocrx_word' id='word_1_113' title='bbox 1013 2673 1112 2732; x_wconf 79' lang='lat' dir='ltr'><strong>extra</strong></span> <span class='ocrx_word' id='word_1_114' title='bbox 1129 2661 1329 2750; x_wconf 85' lang='lat' dir='ltr'><strong>civitatem,</strong></span> 
     </span>
     <span class='ocr_line' id='line_1_20' title="bbox 361 2778 1329 2881; baseline -0.002 -27"><span class='ocrx_word' id='word_1_115' title='bbox 361 2778 409 2854; x_wconf 90' lang='lat' dir='ltr'><strong>ad</strong></span> <span class='ocrx_word' id='word_1_116' title='bbox 425 2784 725 2854; x_wconf 87' lang='lat' dir='ltr'><strong>castraexercitus</strong></span> <span class='ocrx_word' id='word_1_117' title='bbox 738 2783 793 2854; x_wconf 87' lang='lat' dir='ltr'><strong>sui</strong></span> <span class='ocrx_word' id='word_1_118' title='bbox 810 2806 922 2881; x_wconf 88' lang='lat' dir='ltr'><strong>quem</strong></span> <span class='ocrx_word' id='word_1_119' title='bbox 935 2779 987 2852; x_wconf 91' lang='lat' dir='ltr'><strong>ibi</strong></span> <span class='ocrx_word' id='word_1_120' title='bbox 1002 2779 1216 2880; x_wconf 87' lang='lat' dir='ltr'><strong>reliquerat,</strong></span> <span class='ocrx_word' id='word_1_121' title='bbox 1225 2795 1329 2854; x_wconf 82' lang='lat' dir='ltr'><strong>trans·</strong></span> 
     </span>
     <span class='ocr_line' id='line_1_21' title="bbox 360 2901 1328 3004; baseline -0.001 -29"><span class='ocrx_word' id='word_1_122' title='bbox 360 2901 449 2976; x_wconf 92' lang='lat' dir='ltr'><strong>duci</strong></span> <span class='ocrx_word' id='word_1_123' title='bbox 463 2905 561 2977; x_wconf 88' lang='lat' dir='ltr'><strong>fecit.</strong></span> <span class='ocrx_word' id='word_1_124' title='bbox 580 2903 680 2996; x_wconf 90' lang='lat' dir='ltr'><strong>Quid</strong></span> <span class='ocrx_word' id='word_1_125' title='bbox 696 2904 904 2997; x_wconf 87' lang='lat' dir='ltr'><strong>seditionis,</strong></span> <span class='ocrx_word' id='word_1_126' title='bbox 921 2902 1014 3004; x_wconf 91' lang='lat' dir='ltr'><strong>quid</strong></span> <span class='ocrx_word' id='word_1_127' title='bbox 1028 2903 1328 3003; x_wconf 81' lang='lat' dir='ltr'><strong>perturbationis,</strong></span> 
     </span>
     <span class='ocr_line' id='line_1_22' title="bbox 360 3024 1326 3128; baseline 0 -28"><span class='ocrx_word' id='word_1_128' title='bbox 360 3053 444 3128; x_wconf 82' lang='lat' dir='ltr'><strong>quae</strong></span> <span class='ocrx_word' id='word_1_129' title='bbox 459 3026 590 3100; x_wconf 89' lang='lat' dir='ltr'><strong>divisio</strong></span> <span class='ocrx_word' id='word_1_130' title='bbox 605 3031 707 3127; x_wconf 79' lang='lat' dir='ltr'><strong>regni</strong></span> <span class='ocrx_word' id='word_1_131' title='bbox 722 3053 765 3101; x_wconf 91' lang='lat' dir='ltr'><strong>ac</strong></span> <span class='ocrx_word' id='word_1_132' title='bbox 780 3024 973 3101; x_wconf 87' lang='lat' dir='ltr'><strong>sacerdotii</strong></span> <span class='ocrx_word' id='word_1_133' title='bbox 983 3027 1326 3117; x_wconf 81' lang='lat' dir='ltr'><strong>tuncfueritRomae,</strong></span> 
     </span>
     <span class='ocr_line' id='line_1_23' title="bbox 360 3149 1325 3252; baseline 0 -32"><span class='ocrx_word' id='word_1_134' title='bbox 360 3149 464 3249; x_wconf 88' lang='lat' dir='ltr'><strong>quod</strong></span> <span class='ocrx_word' id='word_1_135' title='bbox 484 3174 593 3224; x_wconf 91' lang='lat' dir='ltr'><strong>nemo</strong></span> <span class='ocrx_word' id='word_1_136' title='bbox 613 3165 751 3250; x_wconf 88' lang='lat' dir='ltr'><strong>potest,</strong></span> <span class='ocrx_word' id='word_1_137' title='bbox 773 3175 851 3223; x_wconf 89' lang='lat' dir='ltr'><strong>non</strong></span> <span class='ocrx_word' id='word_1_138' title='bbox 873 3164 928 3223; x_wconf 86' lang='lat' dir='ltr'><strong>est</strong></span> <span class='ocrx_word' id='word_1_139' title='bbox 948 3165 1115 3222; x_wconf 86' lang='lat' dir='ltr'><strong>nostrum</strong></span> <span class='ocrx_word' id='word_1_140' title='bbox 1139 3153 1325 3252; x_wconf 83' lang='lat' dir='ltr'><strong>explicare.</strong></span> 
     </span>
     <span class='ocr_line' id='line_1_24' title="bbox 363 3269 1329 3374; baseline -0.004 -30"><span class='ocrx_word' id='word_1_141' title='bbox 363 3272 529 3345; x_wconf 82' lang='lat' dir='ltr'><strong>Tandem</strong></span> <span class='ocrx_word' id='word_1_142' title='bbox 566 3288 711 3370; x_wconf 84' lang='lat' dir='ltr'><strong>coactus</strong></span> <span class='ocrx_word' id='word_1_143' title='bbox 742 3297 839 3374; x_wconf 89' lang='lat' dir='ltr'><strong>papa</strong></span> <span class='ocrx_word' id='word_1_144' title='bbox 871 3269 1056 3372; x_wconf 92' lang='lat' dir='ltr'><strong>quidquid</strong></span> <span class='ocrx_word' id='word_1_145' title='bbox 1079 3296 1142 3345; x_wconf 83' lang='lat' dir='ltr'><strong>rex</strong></span> <span class='ocrx_word' id='word_1_146' title='bbox 1163 3273 1329 3372; x_wconf 85' lang='lat' dir='ltr'><strong>praecepit</strong></span> 
     </span>
     <span class='ocr_line' id='line_1_25' title="bbox 361 3393 1329 3473; baseline -0.001 -5"><span class='ocrx_word' id='word_1_147' title='bbox 361 3413 588 3471; x_wconf 88' lang='lat' dir='ltr'><strong>sacramento</strong></span> <span class='ocrx_word' id='word_1_148' title='bbox 613 3398 788 3473; x_wconf 85' lang='lat' dir='ltr'><strong>firmavit.</strong></span> <span class='ocrx_word' id='word_1_149' title='bbox 816 3401 864 3468; x_wconf 90' lang='lat' dir='ltr'><strong>Et</strong></span> <span class='ocrx_word' id='word_1_150' title='bbox 887 3399 939 3469; x_wconf 89' lang='lat' dir='ltr'><strong>sic</strong></span> <span class='ocrx_word' id='word_1_151' title='bbox 968 3395 1122 3469; x_wconf 89' lang='lat' dir='ltr'><strong>conficte</strong></span> <span class='ocrx_word' id='word_1_152' title='bbox 1150 3409 1188 3468; x_wconf 92' lang='lat' dir='ltr'><strong>et</strong></span> <span class='ocrx_word' id='word_1_153' title='bbox 1215 3393 1329 3468; x_wconf 85' lang='lat' dir='ltr'><strong>dolose</strong></span> 
     </span>
     <span class='ocr_line' id='line_1_26' title="bbox 362 3517 1330 3616; baseline -0.004 -25"><span class='ocrx_word' id='word_1_154' title='bbox 362 3517 610 3614; x_wconf 86' lang='lat' dir='ltr'><strong>concordatis,</strong></span> <span class='ocrx_word' id='word_1_155' title='bbox 631 3520 828 3594; x_wconf 80' lang='lat' dir='ltr'><strong>discessum</strong></span> <span class='ocrx_word' id='word_1_156' title='bbox 847 3534 913 3594; x_wconf 88' lang='lat' dir='ltr'><strong>est.</strong></span> <span class='ocrx_word' id='word_1_157' title='bbox 937 3523 1065 3592; x_wconf 84' lang='lat' dir='ltr'><strong>Postea</strong></span> <span class='ocrx_word' id='word_1_158' title='bbox 1086 3533 1209 3592; x_wconf 85' lang='lat' dir='ltr'><strong>tamen</strong></span> <span class='ocrx_word' id='word_1_159' title='bbox 1231 3541 1330 3616; x_wconf 73' lang='lat' dir='ltr'><strong>roga·</strong></span> 
     </span>
    </p>
   </div>
   <div class='ocr_carea' id='block_1_4' title="bbox 361 3639 1427 3863">
    <p class='ocr_par' dir='ltr' id='par_1_4' title="bbox 361 3639 1427 3863">
     <span class='ocr_line' id='line_1_27' title="bbox 361 3639 1427 3750; baseline 0.002 -40"><span class='ocrx_word' id='word_1_160' title='bbox 361 3639 473 3711; x_wconf 85' lang='lat' dir='ltr'><strong>batur</strong></span> <span class='ocrx_word' id='word_1_161' title='bbox 489 3667 585 3740; x_wconf 87' lang='lat' dir='ltr'><strong>papa</strong></span> <span class='ocrx_word' id='word_1_162' title='bbox 600 3669 622 3714; x_wconf 87' lang='lat' dir='ltr'><strong>a</strong></span> <span class='ocrx_word' id='word_1_163' title='bbox 635 3645 810 3718; x_wconf 79' lang='lat' dir='ltr'><strong>Romanis</strong></span> <span class='ocrx_word' id='word_1_164' title='bbox 832 3646 1025 3744; x_wconf 77' lang='lat' dir='ltr'><strong>perjurum</strong></span> <span class='ocrx_word' id='word_1_165' title='bbox 1046 3667 1168 3740; x_wconf 74' lang='lat' dir='ltr'><strong>regem</strong></span> <span class='ocrx_word' id='word_1_166' title='bbox 1193 3665 1330 3714; x_wconf 85' lang='lat' dir='ltr'><strong>excom·</strong></span> <span class='ocrx_word' id='word_1_167' title='bbox 1426 3717 1427 3750; x_wconf 70' lang='lat'><strong>,</strong></span> 
     </span>
     <span class='ocr_line' id='line_1_28' title="bbox 363 3753 1427 3863; baseline -0.001 -30"><span class='ocrx_word' id='word_1_168' title='bbox 363 3763 572 3857; x_wconf 79' lang='lat' dir='ltr'><strong>municare3</strong></span> <span class='ocrx_word' id='word_1_169' title='bbox 602 3764 667 3837; x_wconf 85' lang='lat' dir='ltr'><strong>sed</strong></span> <span class='ocrx_word' id='word_1_170' title='bbox 692 3766 754 3838; x_wconf 87' lang='lat' dir='ltr'><strong>ille</strong></span> <span class='ocrx_word' id='word_1_171' title='bbox 782 3767 926 3858; x_wconf 86' lang='lat' dir='ltr'><strong>renuit,</strong></span> <span class='ocrx_word' id='word_1_172' title='bbox 958 3779 995 3837; x_wconf 88' lang='lat' dir='ltr'><strong>ct</strong></span> <span class='ocrx_word' id='word_1_173' title='bbox 1030 3787 1224 3863; x_wconf 88' lang='lat' dir='ltr'><strong>nunquam</strong></span> <span class='ocrx_word' id='word_1_174' title='bbox 1254 3785 1328 3834; x_wconf 86' lang='lat' dir='ltr'><strong>eum</strong></span> <span class='ocrx_word' id='word_1_175' title='bbox 1426 3753 1427 3780; x_wconf 61' lang='lat'>¹</span> 
     </span>
    </p>
   </div>
   <div class='ocr_carea' id='block_1_5' title="bbox 364 3885 1329 3986">
    <p class='ocr_par' dir='ltr' id='par_1_5' title="bbox 364 3885 1329 3986">
     <span class='ocr_line' id='line_1_29' title="bbox 364 3885 1329 3986; baseline -0.003 -29"><span class='ocrx_word' id='word_1_176' title='bbox 364 3885 524 3986; x_wconf 86' lang='lat' dir='ltr'><strong>amplius</strong></span> <span class='ocrx_word' id='word_1_177' title='bbox 540 3885 665 3960; x_wconf 85' lang='lat' dir='ltr'><strong>videre</strong></span> <span class='ocrx_word' id='word_1_178' title='bbox 678 3888 809 3961; x_wconf 88' lang='lat' dir='ltr'><strong>voluit.</strong></span> <span class='ocrx_word' id='word_1_179' title='bbox 825 3889 963 3962; x_wconf 86' lang='lat' dir='ltr'><strong>Verum</strong></span> <span class='ocrx_word' id='word_1_180' title='bbox 979 3911 1044 3961; x_wconf 84' lang='lat' dir='ltr'><strong>nos</strong></span> <span class='ocrx_word' id='word_1_181' title='bbox 1061 3888 1329 3960; x_wconf 82' lang='lat' dir='ltr'><strong>intermittentes</strong></span> 
     </span>
    </p>
   </div>
   <div class='ocr_carea' id='block_1_6' title="bbox 364 4005 1426 4112">
    <p class='ocr_par' dir='ltr' id='par_1_6' title="bbox 364 4005 1426 4112">
     <span class='ocr_line' id='line_1_30' title="bbox 364 4005 1426 4112; baseline 0.006 -32"><span class='ocrx_word' id='word_1_182' title='bbox 364 4034 407 4080; x_wconf 87' lang='lat' dir='ltr'><strong>ea</strong></span> <span class='ocrx_word' id='word_1_183' title='bbox 430 4035 515 4108; x_wconf 81' lang='lat' dir='ltr'><strong>quae</strong></span> <span class='ocrx_word' id='word_1_184' title='bbox 539 4025 629 4085; x_wconf 90' lang='lat' dir='ltr'><strong>tunc</strong></span> <span class='ocrx_word' id='word_1_185' title='bbox 649 4011 775 4086; x_wconf 89' lang='lat' dir='ltr'><strong>Romae</strong></span> <span class='ocrx_word' id='word_1_186' title='bbox 803 4005 1045 4112; x_wconf 60' lang='lat' dir='ltr'><strong>gerebantur,</strong></span> <span class='ocrx_word' id='word_1_187' title='bbox 1068 4008 1116 4086; x_wconf 87' lang='lat' dir='ltr'><strong>ad</strong></span> <span class='ocrx_word' id='word_1_188' title='bbox 1135 4023 1259 4086; x_wconf 83' lang='lat' dir='ltr'><strong>nostra</strong></span> <span class='ocrx_word' id='word_1_189' title='bbox 1277 4027 1331 4083; x_wconf 80' lang='lat' dir='ltr'><strong>re-</strong></span> <span class='ocrx_word' id='word_1_190' title='bbox 1425 4071 1426 4108; x_wconf 62' lang='lat'><strong>,</strong></span> 
     </span>
    </p>
   </div>
   <div class='ocr_carea' id='block_1_7' title="bbox 0 0 1456 4972">
    <p class='ocr_par' dir='ltr' id='par_1_7' title="bbox 0 0 1456 4972">
     <span class='ocr_line' id='line_1_31' title="bbox 0 0 1456 4972; baseline 0 0"><span class='ocrx_word' id='word_1_191' title='bbox 0 0 1456 4972; x_wconf 95' lang='lat' dir='ltr'><strong> </strong></span> 
     </span>
    </p>
   </div>
  </div>
 </body>
</html>
