2906 4970
1287 531 1322 543 ⁰-

372 533 430 626 316
678 579 798 627 ennon.
817 579 897 625 carr.
915 579 959 623 sr
972 578 1049 623 arn.

374 763 442 838 pro
456 738 651 814 resecanda
667 739 887 840 cupiditate3
907 765 985 812 non
998 741 1216 840 imperavit,
1230 755 1270 813 ut
1281 739 1331 813 di-

373 863 429 952 xi,
450 886 520 958 pro
541 864 763 970 necessitate.
787 866 916 962 ltaque
937 860 1016 936 illic
1039 889 1117 936 non
1136 862 1329 962 probibuit,

373 997 560 1083 repetere,
575 999 612 1058 et
627 984 689 1060 hic
703 988 878 1060 concessit
894 1011 971 1059 non
984 969 1163 1087 repetere.
1182 985 1269 1059 Inde
1281 1011 1331 1058 rc-

375 1131 437 1204 ges
451 1133 517 1206 per
532 1121 674 1182 sanctos
695 1123 816 1208 patres
837 1107 980 1202 edocti,
1002 1123 1211 1182 statuerunt
1230 1107 1333 1180 firmas

377 1229 490 1328 leges,
520 1245 562 1304 ut
587 1257 643 1306 res
663 1257 746 1306 suas
766 1234 900 1331 injuste
919 1232 1081 1306 sublatas
1104 1233 1271 1324 ecclesia,
1289 1231 1334 1306 rel

379 1351 536 1450 quilibet
545 1356 643 1452 juste
659 1369 860 1462 repeteret;
877 1379 968 1454 quas
981 1355 1148 1454 legaliter
1165 1371 1334 1456 cogeretur

381 1476 447 1572 qui
470 1491 662 1575 rapuerat,
684 1481 889 1552 restituere.
909 1479 1044 1552 Similis
1062 1492 1134 1551 stat
1154 1480 1334 1570 sententia,

381 1599 479 1672 inter
490 1623 739 1698 percussorem
755 1599 936 1698 bortrinis,
953 1615 990 1674 et
1005 1601 1165 1676 ultorem
1182 1601 1333 1702 proximi.

383 1723 576 1810 Percussor
592 1726 691 1796 enim
705 1723 815 1798 debet
830 1723 990 1798 ultorem
1006 1723 1251 1798 satbfactione
1269 1723 1340 1824 pla-

379 1867 479 1935 care,
495 1856 532 1916 et
547 1845 783 1940 muneribus,
803 1871 914 1946 quem
931 1847 1026 1920 ltesit
1036 1861 1073 1920 et
1086 1844 1258 1938 offendit,
1274 1845 1341 1920 sub·

382 1967 504 2039 tractis
518 1970 627 2040 amici
643 1970 781 2042 mortui
798 1968 1125 2042 consolationibus.
1146 1971 1270 2068 Neque
1290 1991 1342 2042 oo-

379 2089 418 2185 gi
433 2085 542 2164 debet
558 2090 696 2189 absque
710 2089 918 2190 placatione
935 2090 983 2164 ad
1000 2091 1276 2192 ignoscendum,
1292 2093 1342 2165 cui

381 2213 566 2304 Dominus
573 2213 724 2288 misitab
734 2214 841 2288 altari
850 2215 1165 2312 reconciliatorem
1173 2214 1345 2288 munusol·

382 2335 581 2430 ferentem,
600 2363 712 2436 quem
725 2339 871 2410 utinam
890 2338 1013 2408 minus
1030 2336 1255 2435 perfectum,
1277 2335 1346 2408 brec

383 2462 618 2560 apoenitentc
630 2460 755 2536 oblata
770 2457 891 2533 trahat
898 2457 1160 2533 benivolentia.
1170 2459 1345 2560 Jejuniurn

384 2585 425 2656 in
445 2583 468 2654 6
488 2583 546 2656 vel
562 2605 583 2675 7
598 2581 687 2656 feria
703 2584 922 2682 generaliter
936 2607 1012 2656 non
1035 2597 1088 2654 est
1107 2584 1277 2657 omnibus
1290 2587 1345 2654 im·

384 2705 623 2806 ponendum,
640 2705 776 2807 quibus
791 2731 859 2780 nec
871 2719 1015 2780 una'est
1031 2708 1167 2778 sanitas
1183 2707 1345 2806 corporis,

386 2857 455 2906 nec
462 2817 846 2932 aequaliterremordet
859 2833 1042 2905 ¹{accusatio
1050 2835 1188 2930 peccati
1200 2859 1208 2904 :
1219 2830 1280 2905 sed
1292 2853 1347 2904 nec

382 2955 565 3030 sufficiens
579 2969 633 3030 est
648 2955 821 3028 omnibus
839 2955 1076 3055 peccantibus
1096 2953 1177 3028 haec
1197 2955 1348 3029 satisfac·

385 3079 440 3152 tio
453 3075 651 3152 credenda.
670 3079 877 3183 Crescentis
891 3076 1044 3176 quidem
1057 3080 1097 3150 in
1113 3076 1190 3151 dies
1208 3079 1348 3154 crimina

384 3199 1349 3302 purgandasunt,secundumevangelii‚apostolorum·

386 3351 459 3425 que
476 3340 514 3398 et
531 3349 719 3408 canonum
732 3338 845 3423 atque
863 3322 1086 3423 pontificum
1107 3321 1270 3416 decreta,
1293 3343 1349 3394 nec

384 3462 437 3521 est
451 3451 691 3540 conveniens,
716 3443 849 3520 utalia
868 3443 926 3518 his
946 3448 1150 3537 contraria,
1175 3449 1242 3546 qui
1261 3467 1351 3547 prae·

385 3583 490 3664 sunt,
512 3571 670 3670 jubeant
693 3570 854 3670 populo;
881 3571 1005 3668 cisque
1024 3567 1273 3659 concordent,
1295 3567 1350 3666 qui

384 3717 522 3791 organa
536 3692 623 3768 facti
639 3695 788 3793 spiritus
802 3695 938 3785 sancti,
954 3718 1022 3792 per
1043 3696 1122 3792 ejus
1145 3692 1275 3765 flatum
1296 3713 1350 3763 so-

385 3829 551 3890 nuerunt
572 3839 639 3890 sua
666 3814 798 3908 verba,
831 3815 889 3888 vel
917 3817 1071 3912 scripta;
1094 3839 1141 3886 ne
1163 3811 1349 3887 videantur

385 3936 583 4014 destructa.
597 3939 988 4012 Excornmunicatione
1008 3961 1156 4036 quoque
1178 3961 1254 4008 non
1274 3943 1351 4008 suot

385 4051 542 4138 feriendi
556 4065 624 4164 qui
639 4061 719 4142 haec
742 4075 968 4140 sacramento
982 4059 1131 4150 firmare
1151 4059 1350 4146 noluerint,
