2906 4970
455 573 548 618 nmen
567 573 718 618 rnnrrns.
1024 565 1080 620 52¹1

109 761 172 833 per
185 735 260 808 dies
273 738 436 837 singulos
453 734 502 808 ad
516 735 670 807 meliora
683 735 946 828 conscendere,
966 739 1082 837 coepit

109 859 443 932 eum-vehementer
458 855 1079 952 diligere,etconsiliorumsuorum
1123 847 1125 854 ¹

106 983 321 1079 participem
335 979 469 1070 facere,
489 991 526 1050 et
538 990 580 1050 ut
593 979 752 1078 amplius
770 981 809 1051 in
826 983 977 1054 scientia
994 1009 1079 1055 enm

107 1101 357 1194 confirmaret,
380 1099 556 1198 regendas
578 1099 720 1174 scholas
742 1105 777 1174 S.
802 1103 929 1176 Mariae
955 1107 1081 1178 matris

107 1223 264 1296 ecclesiae
281 1225 314 1295 ei
332 1225 531 1316 commisit,
553 1226 619 1322 qui
639 1221 778 1317 honor,
801 1239 954 1325 propter
972 1226 1080 1299 labo-

106 1369 208 1435 rem,
230 1370 334 1418 rarus
353 1345 538 1418 nobilibus
558 1348 827 1421 committitur:
848 1347 912 1421 sed
939 1365 1080 1448 quanto

106 1470 247 1558 rarior,
271 1480 372 1538 tanto
393 1469 506 1564 magis
524 1464 778 1540 honorabilior
798 1470 1077 1568 comprobatur.

105 1588 222 1687 Hujus
234 1591 347 1687 igitur
364 1591 555 1662 ministerii
575 1591 831 1665 exercitatione
854 1591 1079 1690 perfectioris

104 1711 261 1783 scientiae
275 1711 423 1784 culmen
439 1713 586 1809 juvenis
600 1709 654 1783 illi
675 1713 793 1812 coepit
812 1716 1012 1813 attingere,
1043 1727 1080 1788 et

105 1833 197 1905 inter
222 1836 400 1934 sapientes
426 1835 609 1934 sapienter
633 1833 787 1934 pollere.
810 1837 966 1933 Cognita
990 1859 1078 1910 vero

105 1957 272 2055 episcopo
298 1953 503 2029 scholastici
530 1953 731 2047 industria,
753 1959 935 2055 separavit
953 1981 1039 2029 eum
1057 1983 1081 2030 a

105 2098 304 2171 puerorum
326 2075 521 2168 doctrina,
543 2075 677 2148 faciens
697 2075 806 2146 illum
825 2099 969 2175 semper
986 2100 1080 2150 con-

104 2197 223 2270 sistere
237 2199 275 2270 in
301 2199 495 2297 praesentia
511 2221 597 2288 sua,
616 2209 652 2268 et
665 2195 771 2268 lateri
784 2221 852 2268 suo
867 2195 1076 2271 adhaerere:

105 2320 191 2390 etin
209 2317 361 2418 judiciis
379 2320 472 2407 mis,
497 2328 572 2388 tam
592 2315 751 2414 publicis
772 2342 886 2416 quam
906 2321 1077 2417 privatis,

105 2437 364 2520 auditoremin
379 2441 526 2538 primis,
553 2451 589 2510 et
608 2462 693 2510 mox
709 2437 876 2538 judicem
899 2443 1076 2515 insistere.

105 2563 230 2662 Sisque
255 2562 394 2637 factum
421 2575 492 2652 est,
524 2575 566 2632 ut
583 2561 731 2659 juvenis
751 2561 834 2654 ille,
859 2587 975 2662 parvo
990 2557 1079 2665 'post

106 2697 286 2784 tempore,
305 2687 345 2756 in
363 2683 497 2758 divinis
518 2697 554 2757 et
576 2685 616 2755 in
637 2683 812 2756 humanis
834 2685 1079 2758 efficacissime

106 2803 326 2879 claresceret.
345 2807 463 2899 Quem
478 2802 607 2878 videns
621 2807 813 2904 episcopus
829 2805 937 2879 bonis
957 2807 1080 2879 virtu-

106 2927 199 3001 tihus
217 2925 430 3022 abundare,
445 2941 481 3002 et
493 2929 695 3001 castitatem
711 2929 926 3003 inviolatam
941 2953 1080 3002 conser·

106 3074 206 3142 vare,
230 3052 347 3149 coepit
364 3074 450 3122 enm
473 3045 625 3148 diligere
639 3073 716 3148 prae
731 3049 925 3142 omnibus,
945 3063 982 3121 et
1003 3051 1079 3148 pri-

106 3187 185 3244 vata
204 3185 241 3245 et
264 3171 414 3270 publica
432 3169 549 3242 facere
564 3194 606 3240 ex
623 3169 776 3242 consilio
791 3171 917 3268 ipsius.
928 3173 975 3240 Et
990 3173 1077 3269 quin

106 3318 189 3366 eum
203 3291 330 3366 divina
344 3293 558 3382 clementia,
571 3303 607 3360 et
625 3291 802 3387 sapientia
823 3304 858 3360 et
878 3290 1078 3362 virtutibus

107 3417 345 3508 exaltaverat,
377 3409 616 3486 commodum
637 3409 743 3482 duxit
772 3435 857 3483 eum
887 3413 1078 3511 episcopus

108 3537 367 3636 magnificare,
397 3531 586 3609 conferens
613 3535 647 3606 ei
672 3524 1014 3608 archidiaconatum
1042 3547 1078 3606 et

106 3664 384 3760 praeposituram
415 3673 451 3734 et
483 3671 613 3734 caetera
640 3661 781 3760 maj0ra
800 3659 1001 3732 ministeria
1015 3681 1078 3732 eo-

108 3780 234 3858 clesiae.
