2906 4970
483 523 577 568 LIBER
592 523 742 572 anulus.
1047 515 1104 568 283

123 700 214 764 sunt,
225 703 256 749 et
267 687 343 752 dum
352 688 391 750 de
404 687 473 750 loco
487 687 528 749 ad
539 687 644 748 locum
657 691 715 750 iter
728 687 859 766 iaciunt,
872 691 993 772 rapinas
1003 703 1034 748 et
1043 687 1103 748 de-

121 792 321 872 praeclationes
334 807 485 875 peragunt
493 839 505 869 ,.
513 793 628 876 placuit
636 793 723 856 nobis
739 807 774 856 ut
787 796 1100 867 excommunicentur,

120 919 180 959 nec
195 911 264 959 ante
279 919 317 960 ex
329 895 487 978 paroechia
499 909 623 972 exeant,
633 917 729 978 qnam
743 918 811 978 qua
824 909 1034 977 perpetrarunt
1052 895 1104 954 di-

120 1021 182 1084 gne
196 1001 377 1074 emendent;
400 1001 535 1083 quorum
556 1003 830 1062 excommunicatio
847 1003 957 1062 seniori
972 1021 1101 1076 eorum,
1159 1045 1162 1054 .

119 1115 152 1166 et
162 1109 292 1187 proprio
307 1109 447 1188 episcopo
461 1105 656 1188 significanda
669 1117 728 1182 est,
741 1126 779 1166 ne
794 1125 845 1166 eos
858 1105 1004 1186 recipiant
1017 1117 1104 1164 ante-

119 1231 220 1294 quam
231 1209 305 1272 illuc
317 1209 459 1288 redeant,
473 1209 527 1272 ubi
538 1213 677 1292 rapinam
687 1209 840 1288 lecerunt,
853 1224 883 1272 et
892 1213 996 1272 omnia
1006 1209 1104 1292 pleni-

119 1328 170 1377 ter
182 1315 355 1376 emendent.
369 1314 485 1376 Verum
499 1314 537 1376 de
552 1314 611 1375 hoc
622 1318 692 1376 satis
702 1316 880 1398 adpraesens
893 1316 1019 1377 dictum.
1033 1314 1103 1376 Jam

118 1439 180 1480 ros
191 1418 329 1480 fraterne,
340 1421 468 1479 caritatis
484 1439 588 1480 amore
601 1419 761 1480 hortamur
779 1433 809 1481 et
821 1423 973 1500 petimus,
985 1422 1102 1500 utquia

117 1521 185 1582 buc
199 1540 297 1603 usque
310 1543 329 1581 a
341 1522 443 1596 vobis,
457 1535 486 1581 et
499 1543 518 1581 a
528 1521 597 1582 loco
606 1525 663 1582 isto
674 1523 773 1584 bonus
783 1543 855 1584 usus
870 1537 899 1583 et
913 1536 1020 1582 cuncta
1031 1541 1101 1604 quae

117 1625 346 1708 adgeneralem
360 1623 563 1690 ecclesiastices
585 1625 739 1708 diffinitatis
761 1627 985 1690 observantiam
1005 1629 1102 1708 perti-

119 1745 213 1808 nent,
228 1743 346 1794 serrata
356 1743 443 1807 sunt,
459 1729 544 1812 quod
554 1729 711 1794 residuum
724 1735 871 1812 temporis
895 1747 959 1808 eat,
981 1753 1102 1796 omnmo

119 1839 232 1898 curetis
255 1833 426 1918 vigilantia,
448 1855 486 1896 ne
505 1835 636 1918 antiquie
657 1833 813 1918 religionis
834 1833 977 1898 nobilitas
997 1835 1102 1918 alique

120 1941 345 2004 adinventionis
355 1943 489 2002 novitate
506 1943 731 2020 inposturetur:
751 1940 852 2002 sedne
862 1943 972 2002 seniori
983 1953 1099 2018 resno,

120 2047 207 2108 fratri
221 2059 323 2107 autem
334 2059 364 2106 et
372 2047 469 2126 gratia
478 2043 536 2104 Ilei
547 2047 726 2125 coepiscopo
739 2057 853 2118 nostro,
866 2041 983 2124 aliquid
994 2056 1102 2122 praeter

121 2169 245 2232 aeqnum
255 2149 413 2211 etbonum
422 2195 430 2224 ,
440 2146 525 2229 quod
534 2145 658 2208 fortasse
669 2145 722 2207 ille
732 2145 833 2208 adhuc
844 2149 946 2208 minus
956 2145 1099 2227 providit,

120 2255 241 2316 suaderi
256 2253 402 2330 delectet,
418 2251 502 2336 quod
513 2273 569 2315 nos
578 2253 705 2335 quidem
716 2256 785 2334 jure
797 2257 970 2317 incusamus
983 2273 1001 2314 a
1015 2252 1102 2314 vobis

120 2381 182 2422 non
193 2359 272 2421 adeo
284 2373 443 2436 curatum,
465 2381 522 2440 pro
538 2357 705 2420 Erleboldo
726 2359 856 2435 scilicet,
877 2379 969 2440 quem
990 2370 1024 2418 ut
1043 2359 1100 2438 ipsi

120 2467 233 2540 nostis,
249 2485 332 2526 noso
343 2469 460 2544 sqiore
472 2477 572 2527 rutro
583 2478 614 2526 et
623 2464 716 2526 fratre
726 2478 830 2526 nosuo
841 2465 1036 2539 commoniti,
1049 2483 1101 2523 ex-

119 2572 431 2643 communicavimus,
453 2567 495 2629 ob
511 2573 660 2630 incestum
678 2569 762 2650 quod
782 2589 853 2631 cum
873 2566 1100 2629 sanctimoniale

119 2676 333 2747 commiserat,
348 2685 438 2753 atque
458 2691 515 2752 pro
531 2671 599 2733 aliis
612 2671 718 2746 malis,
734 2691 803 2753 que
816 2675 848 2732 in
863 2685 965 2734 nostro
979 2675 1101 2752 episco-

119 2779 170 2858 pio
184 2777 286 2838 multa
298 2789 539 2857 perpetraverat,
551 2795 645 2856 qoem
659 2795 740 2836 nunc
752 2775 845 2836 lrater
858 2789 960 2838 noster
973 2773 1101 2836 absolu·

120 2893 205 2956 tam,
218 2880 258 2941 ad
273 2885 521 2942 communionem
534 2883 598 2942 sine
611 2893 713 2942 nostro
728 2879 854 2944 consilio
864 2893 894 2943 et
904 2883 1023 2942 monitu
1036 2899 1101 2940 suar

119 2987 211 3068 oepit.
226 2985 288 3047 Sed
309 3000 341 3045 et
358 2985 543 3066 paroecbiani
569 2990 681 3064 nostri,
704 3007 781 3068 quos
801 3007 857 3068 pro
881 2987 1100 3068 ecclesiisquas

119 3089 327 3164 incenderant,
341 3103 372 3152 et
381 3093 495 3172 rapinis
501 3111 577 3172 quas
583 3093 1101 3168 exacummcommuuiooese-

119 3207 382 3273 questraveramus
390 3195 541 3256 denostra
558 3195 711 3273 paroechia
731 3197 929 3268 inventrem,
950 3193 982 3254 id
1003 3206 1048 3254 est
1067 3197 1100 3253 in

119 3296 303 3375 Niviellam,
326 3298 415 3360 nobis
433 3297 685 3370 reclamantibus,
705 3297 834 3370 sublati,
855 3297 894 3356 ad
912 3296 1100 3376 sepulturam

120 3403 337 3466 administrat.
358 3401 459 3466 Vestri
476 3404 569 3464 etiam
582 3400 621 3462 de
634 3399 749 3482 quibus
768 3399 850 3482 apud
870 3421 924 3464 ros
944 3399 1099 3480 planctum

119 3506 361 3589 manucapti>
382 3507 528 3570 incendiis
545 3527 669 3589 quoque
683 3505 796 3568 stallis
811 3504 910 3586 crclpis
927 3503 1099 3566 similitera

120 3613 205 3674 nolis
218 3616 473 3676 excommunicati
483 3659 491 3688 ‚
502 3627 605 3674 mnan
616 3633 672 3674 nec
686 3611 883 3676 satisfactione
894 3612 1031 3694 purgati,
1043 3629 1098 3671 nec

120 3715 310 3782 absolutione
320 3716 424 3780 donati
435 3765 444 3797 ,
456 3722 487 3781 in
502 3717 611 3781 eodem
621 3717 689 3780 loco
699 3713 799 3782 adbuc
812 3720 911 3799 jacent
924 3713 1044 3798 sepulti.
