2902 4972
881 537 1332 560 ——ffl--p--n--r-u-

373 586 430 642 588
743 593 816 638 m.
837 591 969 638 ALTERA

371 784 470 860 popa
494 771 700 856 susceptum
723 759 763 828 in
791 756 857 830 has
878 757 1085 856 provincias
1105 758 1280 856 pervenit.
1295 757 1333 826 Et

371 907 440 983 per
454 883 694 954 Camaracum
708 879 939 969 iter-habens,
948 892 1059 977 atque
1068 875 1117 950 ad
1124 877 1331 976 colloquium

246 1009 252 1020 '
372 1005 604 1104 imperatoris
632 1000 815 1076 Leodium
843 1001 1016 1094 tendens,
1039 1001 1249 1106 aumptibua
1273 1003 1332 1074 suis

371 1125 556 1218 ecclesias,
578 1139 741 1198 nostram
756 1150 906 1226 quoque
916 1163 936 1218 ‚·
947 1122 1154 1198 admodum
1171 1125 1329 1222 gravavit.

372 1250 416 1320 ln
434 1249 513 1346 ipso
527 1261 712 1320 conventu
725 1246 873 1340 Leodii,
888 1249 937 1320 D.
954 1243 1185 1338 Liettardus'‚
1205 1247 1333 1344 Trajeo-

373 1370 482 1440 tensis
497 1369 730 1467 praepositus,
746 1370 939 1466 episeopus
951 1366 1101 1458 electus,
1118 1364 1205 1438 urbi
1221 1367 1334 1440 Cama.

372 1491 513 1580 raceuai
530 1487 716 1587 dirigitur.
732 1494 780 1561 Et
793 1494 915 1564 Remis
928 1502 979 1564 vr·
993 1489 1062 1564 cal.
1072 1489 1204 1581 maii,a
1219 1489 1263 1560 D.
1272 1511 1333 1558 me-

375 1611 599 1710 tropolitano
614 1610 819 1686 honorifice
836 1625 1082 1706 consecratus,
1097 1615 1139 1684 in
1156 1607 1332 1710 epia-opali

372 1731 456 1828 sede
473 1733 631 1806 locatur.

382 2066 387 2074 ·
634 1994 638 2014 ’
695 1992 865 2178 litu.
903 1903 1034 2117 xvi

370 2345 409 2386 D}
418 2342 601 2386 omczssrotun
615 2345 641 2384 n.
654 2343 680 2383 P.
695 2341 826 2386 noluit.
843 2345 881 2385 ΒΕ
895 2343 1081 2396 varmum
1095 2343 1189 2388 ssim!
1203 2344 1293 2388 VM]
1302 2343 1332 2385 Ιῐ

512 2423 783 2466 commodanon
804 2423 1007 2466 accursum
1030 2425 1216 2466 NOSMUH.

376 2647 467 2784 suu
482 2683 611 2759 iisdem
626 2685 700 2760 iere
717 2684 867 2782 diebus,
886 2687 935 2760 D.
952 2687 1065 2762 abbas
1080 2681 1330 2788 nosterP.epis·

373 2837 511 2912 copum
538 2807 770 2883 Liettardum
794 2809 887 2916 adiit
905 2824 961 2905 et,
982 2810 1159 2884 abbatiali
1173 2810 1330 2911 dignitate

374 2934 559 3033 deposita,
585 2932 773 3006 absolutus
794 2933 968 3008 discessit.
985 2937 1083 3026 Cui,¹
1103 2949 1187 3034 pout
1213 2955 1331 3006 memo

373 3082 457 3148 sex„
470 3057 519 3128 D.
534 3053 674 3148 Adam,
690 3059 726 3128 S.
741 3058 926 3130 Vincentii
944 3054 1201 3142 Laudunemsir
1219 3079 1331 3130 mona·

375 3177 480 3274 chus,
497 3203 594 3252 anno
606 3179 675 3251 Dei
691 3177 828 3252 Christi
839 3183 1332 3274 ucxxmr‚successit‚etxru·

376 3303 446 3378 cal.
459 3304 563 3403 julii,
582 3306 621 3376 in
636 3303 785 3378 ecclesia
800 3305 840 3375 B.
857 3301 1057 3398 Aichadri,
1077 3329 1163 3405 quae
1183 3318 1234 3378 est
1254 3305 1335 3374 Har-

375 3453 512 3530 prae,a
534 3427 582 3500 D.
604 3429 775 3528 episcopo
798 3424 988 3499 Liettardo
1007 3425 1213 3502 honorifice
1234 3448 1336 3500 sacra·

378 3562 456 3642 tus,
481 3547 612 3622 eodem
635 3548 734 3622 diea
756 3547 862 3622 nobis
886 3547 1029 3621 honore
1052 3546 1179 3622 debito
1201 3562 1254 3622 est
1271 3569 1336 3620 ωε-

378 3685 507 3770 ceptus
524 3673 701 3770 septimus
717 3671 830 3745 abbas
848 3670 960 3772 hujus
973 3671 1060 3745 loci.
1077 3672 1250 3770 Sequenti
1266 3691 1336 3746 vero

378 3817 498 3887 anno,
513 3819 632 3893 quum
650 3797 689 3866 in
709 3783 800 3896 paco
821 3809 857 3869 et
876 3794 1065 3894 religionis
1086 3796 1230 3893 quiete,
1252 3789 1337 3865 omui

380 3942 530 4019 quoque
547 3943 672 3990 rerum
685 3919 876 4020 opulentia
893 3930 1020 3990 mostra
1033 3916 1182 3990 floreret
1193 3915 1335 4000 ecclesia,

381 4043 460 4140 ipsa
488 4067 639 4144 quoque
667 4039 755 4118 villa
779 4039 954 4119 domibus
977 4040 1127 4142 amplis,
1151 4040 1338 4140 opibusque
