2932 4974
370 580 426 634 ¹6⁸
667 585 786 632 cnon.
807 585 886 632 usu.
905 587 948 631 ar
965 584 1043 630 arn.

367 749 522 824 mordeat,
539 748 757 810 inculcavimus
771 751 799 811 ei
813 751 930 832 quique
948 750 1075 810 sanioris
1090 747 1207 812 suimus
1229 749 1347 812 consilii

365 855 401 917 B.
415 853 569 916 Benedicti
581 853 798 931 oonsolatoria,
814 875 881 936 qua
896 855 1012 916 suntin
1026 853 1090 916 brec
1104 853 1217 916 verbus
1241 853 1346 930 Dum,

366 961 485 1042 inquit,
497 958 536 1021 de
546 957 653 1022 alienis
662 961 828 1022 ratiociniis
838 973 940 1034 caret,
956 958 1093 1020 redditur
1103 957 1143 1021 de
1153 961 1216 1020 suis
1231 957 1348 1022 solliei-

366 1077 434 1140 tus,
450 1076 480 1124 et
493 1063 569 1126 dum
583 1064 622 1124 de
635 1064 857 1125 monitionibus
866 1067 928 1125 suis
938 1062 1183 1124 emendationem
1195 1062 1267 1124 aliis
1280 1063 1349 1126 sub·

366 1168 535 1244 ministrat,
549 1170 612 1248 ipse
627 1157 786 1229 efficitur'a
796 1169 877 1229 vitiis
888 1166 1076 1228 emendatus.
1093 1165 1195 1228 Nimis
1206 1181 1254 1228 est
1269 1169 1348 1230 enim

367 1272 506 1334 ethnicus
520 1286 551 1332 et
560 1261 759 1353 publicanus,
772 1276 826 1355 qui
839 1271 917 1334 alios
929 1271 1173 1352 reprehendens,
1194 1271 1277 1335 nolit
1299 1277 1348 1336 in-

366 1375 616 1457 reprehensibilis
625 1395 706 1452 esse,
722 1397 794 1438 curn
808 1376 890 1438 idem
900 1374 934 1436 B.
949 1375 1129 1438 Benedictus
1138 1376 1240 1438 dicate
1259 1377 1348 1456 Que-

366 1499 500 1561 eumque
511 1479 679 1562 discipulos
691 1479 830 1540 docuerit
843 1501 907 1542 esse
921 1481 1090 1554 contraria,
1105 1482 1138 1541 in
1151 1484 1217 1542 suis
1233 1481 1347 1542 actibus
1444 1467 1445 1470 Ἴ

365 1583 481 1665 judicet
502 1603 562 1644 non
583 1583 708 1664 agenda.
728 1582 768 1644 Et
786 1583 826 1644 de
844 1585 956 1644 minod
974 1583 1143 1647 substantia
1160 1583 1344 1661 sollicitatur,

367 1688 459 1777 nihil,
467 1690 579 1768 inquit,
587 1687 972 1750 deesttimentibusllenm.
982 1687 1347 1772 Et,NonaffligetDomi·
1444 1681 1445 1700 ³

367 1793 743 1872 nussameanimarujusti.
757 1791 813 1853 Etr
829 1793 990 1854 Juniorfui
1001 1838 1010 1870 ,
1020 1796 1134 1854 etenim
1143 1798 1232 1857 seueri
1242 1807 1346 1871 ,etnon
1444 1799 1445 1802 ’

367 1895 432 1960 vidi
441 1899 556 1976 iustum
566 1895 764 1974 derelictum,
788 1917 844 1959 nec
862 1919 966 1959 semen
983 1901 1049 1979 ejus
1064 1919 1205 1981 quaerens
1226 1919 1343 1982 panem

368 1999 498 2083 Propter
518 1999 578 2062 hoc
597 2004 734 2082 primum
754 2004 880 2084 quaerite
893 2023 1023 2084 regnum
1035 2023 1041 2035 ·
1055 2001 1111 2064 Dei
1143 2015 1174 2064 et
1203 2006 1347 2083 justitiam

369 2109 444 2187 ejus,
461 2119 492 2168 et
504 2105 569 2168 bac
583 2110 687 2168 omnia
697 2105 876 2186 adjicientur
890 2107 988 2170 vohis.
1004 2107 1053 2168 td
1066 2107 1216 2170 ultimum
1227 2109 1285 2171 sub
1297 2107 1347 2169 ob·

369 2214 529 2274 testatione
542 2210 638 2274 divini
653 2214 774 2274 timoris
783 2211 950 2293 obiecimus
965 2211 1044 2274 illud
1056 2211 1091 2273 Β.
1105 2233 1191 2294 pape
1212 2213 1346 2296 Gregorii

368 2315 407 2377 de
422 2316 471 2378 bis
485 2319 539 2397 qui
552 2315 694 2397 prodesse
708 2330 852 2397 ponunt,
868 2329 899 2378 et
913 2337 1037 2397 prteesse
1051 2317 1218 2400 refugiunt.
1235 2317 1347 2380 Tanto-

369 2441 457 2494 rum,
474 2422 590 2500 inquit,
603 2423 635 2481 in
644 2421 804 2483 tremendo
821 2421 936 2502 iudicio
951 2424 995 2483 rei
1010 2422 1105 2484 futuri
1123 2434 1193 2484 sunt
1203 2439 1222 2500 ,'
1232 2425 1346 2505 quantis

369 2524 421 2585 bic
435 2524 576 2604 prodesse
587 2530 903 2609 potuerunt(Gregor.
923 2531 1007 2590 θωνα
1018 2543 1094 2605 past.
1109 2545 1185 2605 part.
1209 2537 1224 2590 1
1253 2553 1278 2590 c.
1293 2531 1342 2604 5.).

368 2627 417 2690 lld
430 2627 494 2689 bne
507 2629 659 2710 praebente
673 2630 728 2693 illo
740 2653 913 2710 assensum,
930 2646 960 2694 et
971 2654 1042 2709 nos,
1059 2633 1117 2695 sub
1127 2647 1228 2696 vestro
1242 2648 1272 2696 et
1293 2653 1345 2694 ea-

369 2745 506 2796 terorum
516 2737 701 2812 testimonio,
717 2739 924 2818 promittimus
937 2741 965 2800 ei
980 2751 1100 2814 nostrie,
1116 2739 1285 2802 seeundum
1296 2758 1346 2798 re·

369 2839 486 2922 gulam,
495 2839 675 2902 obedientie
685 2841 815 2918 bonnm,
831 2856 862 2902 et
874 2841 957 2904 salva
969 2845 1001 2904 in
1012 2843 1155 2904 omnibus
1168 2857 1269 2906 vestra
1280 2863 1345 2905 ane-

365 2945 635 3018 toritate,satisnos
642 2947 670 3006 ei
677 2943 853 3008 faemrosde
861 2945 1146 3023 nostraseeundum
1154 2950 1344 3030 propositum

229 3089 244 3108 .
368 3058 518 3122 nostrum,
531 3045 727 3128 subjectione.
744 3047 815 3112 Non
825 3062 929 3112 autem
940 3053 1091 3113 existimet
1100 3051 1345 3114 excellentiaru-

368 3165 421 3216 πω
441 3151 568 3214 solertia
588 3154 622 3214 in
645 3151 702 3214 hac
714 3173 770 3216 nos
798 3153 962 3231 electione,
986 3155 1088 3218 verbis
1105 3167 1225 3216 tantum
1244 3157 1344 3217 sumus

369 3269 400 3317 et
424 3269 550 3319 ooturno
565 3257 745 3340 eloquentie
775 3258 926 3322 deservire
955 3258 1105 3337 voluisse,
1130 3259 1184 3322 sed
1200 3263 1344 3342 potinsea

368 3381 436 3444 qun
450 3360 630 3426 desolationi
654 3377 782 3440 nostrae,
804 3377 835 3424 et
854 3367 911 3445 ipsi
934 3364 1029 3426 electo
1050 3367 1161 3426 munus
1181 3365 1344 3425 necessaria

367 3468 450 3542 iore,
472 3487 510 3527 ex
536 3488 609 3530 vero
644 3481 676 3532 et
698 3491 761 3534 non
781 3471 852 3534 ficto
881 3469 973 3534 corde
1009 3482 1113 3532 vestra
1137 3467 1340 3550 magnitudini

369 3569 601 3652 deprompsisse
656 3615 659 3622 ·
