2932 4974
295 523 1278 540 *cu-Q

294 567 350 622 rot
580 572 700 618 onnon.
719 573 799 620 can.
819 576 862 620 ur
882 575 959 620 Ara.

294 741 553 842 perducerent.
570 744 652 834 Quo
666 745 820 841 remiges
834 746 969 842 empti,
985 769 1070 817 cum
1081 743 1130 816 ad
1143 758 1276 818 votum

299 867 448 948 Caesaris
455 863 642 962 praedictae
650 865 1274 961 civitatiadmovissentnariculam,

295 989 416 1060 statim
433 985 540 1060 laetus
553 987 1277 1088 imperator‚Theoderico,Mettensium

294 1112 485 1210 episcopo,
504 1113 718 1209 caeterisque
745 1114 818 1184 suis
848 1112 1099 1212 principibus,
1133 1117 1198 1212 qui
1234 1115 1277 1186 iu

294 1234 409 1331 ipsius
437 1233 539 1304 urbis
568 1235 724 1306 tuitione
753 1238 911 1334 recepti,
943 1238 1037 1333 regis
1064 1236 1277 1343 peficulunr

296 1351 554 1448 condolentes,
573 1357 695 1454 ipsum
714 1357 867 1457 quidem
892 1372 1042 1456 captum
1060 1358 1274 1458 putabant,

296 1480 408 1551 totius
432 1479 484 1550 rei
506 1480 636 1557 seriem
652 1505 718 1577 per
742 1482 994 1556 internuncios
1023 1483 1130 1553 tacite
1151 1482 1280 1555 incul-

296 1603 409 1691 cavit,
429 1614 465 1671 et
483 1613 525 1671 ut
549 1603 660 1699 quasi
673 1601 1033 1686 adremunerandos
1053 1619 1183 1678 nautas
1205 1605 1277 1679 sibi

295 1721 668 1823 praerniaafferrent,
695 1725 826 1799 callide
851 1727 1060 1802 admonuit.
1092 1731 1164 1823 Qui
1191 1753 1279 1802 mox

295 1851 449 1949 inopina
465 1846 639 1923 mandata
653 1849 858 1947 gaudenter
873 1853 1051 1952 amplexi,
1068 1855 1202 1928 scrinia
1216 1877 1282 1926 cae·

296 1985 488 2073 teramque
502 1973 766 2072 supellectilem
780 1977 919 2072 regiam
934 1974 983 2048 ad
1005 1979 1130 2051 navim
1154 1979 1279 2076 impe-
1323 2023 1330 2030 -

296 2099 410 2170 ratori
427 2098 612 2191 tulerunt,
629 2123 778 2197 unaque
795 2101 905 2170 etiam
923 2099 1190 2174 velocissimum
1211 2125 1279 2174 oa·-

295 2219 447 2296 ballum.
475 2220 722 2295 adduxerunt.
753 2224 882 2296 Nautis
912 2247 1000 2296 vero
1027 2221 1075 2294 ad
1103 2214 1278 2297 convecta

297 2369 453 2417 munera
468 2342 767 2430 intendentibus,
788 2348 989 2444 imperator
1006 2360 1107 2418 extra
1121 2348 1277 2419 navicu-

296 2464 370 2538 lam
389 2469 563 2540 vivaciter
576 2467 690 2559 exilit,
708 2493 878 2568 equoque
893 2493 1053 2560 ascenso,
1072 2471 1123 2540 ita
1140 2466 1277 2540 delusis

298 2585 491 2682 hostibus,
523 2603 657 2688 praeter
678 2613 806 2688 spem,
833 2589 943 2662 oredo
972 2589 1171 2688 adjuvante
1194 2593 1278 2663 Do-

296 2713 422 2804 mino,
447 2711 580 2784 illaesus
602 2714 727 2784 evasit.
751 2711 859 2783 Unde
878 2738 964 2784 cum
988 2713 1128 2812 probro
1148 2714 1280 2786 absce-

298 2832 410 2926 dens,
424 2833 568 2934 pudore'
587 2859 799 2926 succensus,
814 2833 957 2906 meliori
971 2836 1124 2908 consilio
1138 2836 1281 2908 milita-

297 2981 374 3028 rem
388 2957 532 3054 copiam
539 2953 664 3026 sibiad
671 2955 918 3056 reparandum
929 2959 1100 3058 proelium
1113 2983 1281 3058 quaerere

299 3078 504 3150 aestimavit.
535 3075 799 3150 Verumtamen
817 3080 966 3152 interim
988 3095 1106 3154 morte
1134 3107 1282 3180 praevo-

301 3213 406 3292 ntus,
438 3198 551 3300 paulo
585 3215 668 3300 post
699 3201 894 3308 intervallo
924 3204 1125 3298 occubuit,
1153 3207 1283 3278 Romae
1337 3241 1341 3251 ·

301 3321 453 3424 quidem
468 3327 507 3398 in
525 3327 672 3425 porticu
689 3329 724 3398 S.
741 3329 839 3399 Petri
853 3328 1030 3427 sepultus.

626 3501 793 3689 boo.
841 3555 958 3634 o1v.

301 3751 467 3796 tumulus
487 3751 547 3798 ΠΧ
566 3749 753 3791 [nummii
774 3747 812 3788 ΕΤ
833 3747 968 3789 :inntens
990 3747 1049 3787 DUX
1064 3745 1284 3794 mumolum.

330 3833 453 3886 QUISQOE
463 3831 520 3872 PRO
533 3831 576 3874 st,
585 3829 722 3870 aunuum
734 3829 774 3868 ΔΙ)
783 3825 927 3866 MERUM
936 3825 1185 3870 ιοΤΙΙΛΙΙΒΜΙΠΙ.
1194 3825 1284 3868 rm

330 3913 387 3964 orn
400 3912 505 3954 asotos
519 3911 557 3950 an
571 3909 689 3950 rrnnrco
707 3908 848 3951 narrrun.
862 3906 915 3946 sun
930 3887 1078 3948 ros'rsavr
1093 3905 1240 3946 snmrrun.

589 3979 597 4012 Ι

305 4029 407 4169 Quo
434 4073 565 4172 passim
595 4081 802 4168 comperto,
832 4081 982 4168 repente
1007 4066 1153 4164 gemina
1181 4062 1285 4137 labes
