2924 4964
377 535 705 548 -φ-ι-ιι--ο-ιιι-ιι--υ--ι

380 575 438 628 em
680 583 786 630 nurus
805 585 891 630 msr.
910 586 955 630 nr
976 587 1059 630 enm.

375 747 586 830 bibliotheque
596 748 636 809 de
649 747 809 825 Gambrai,
832 771 863 810 n.
888 749 966 825 884,
993 763 1114 812 raconte
1140 749 1186 812 les
1213 763 1291 812 aeter
1314 749 1345 810 de

373 851 510 914 violence
521 853 945 935 erereesparllngues‘d'Oisi
955 853 1209 938 eorrtrel'evhque
1220 853 1343 918 Heben:

380 985 393 1014 u
411 955 459 1020 En
469 979 503 1020 ce
515 971 615 1046 tempe
631 957 755 1042 liugues
765 959 795 1020 le
809 959 975 1020 chestehin
985 973 1142 1046 sevoyant
1154 983 1197 1023 en
1209 960 1252 1022 tel
1273 960 1342 1022 hon·

377 1083 454 1126 neur
466 1063 701 1125 commeuchau
727 1064 803 1126 faire
816 1064 967 1147 plusieurs
992 1065 1161 1130 insoleunes
1180 1089 1243 1129 unx
1262 1066 1343 1128 hon·

376 1171 459 1252 genis
469 1167 549 1230 dela
560 1167 651 1242 ville;
669 1169 692 1230 il
705 1173 767 1251 prit
776 1169 806 1231 le
817 1169 945 1233 bnillieu
954 1171 994 1232 de
1008 1171 1038 1232 la
1050 1171 1123 1234 ville
1144 1185 1175 1233 et
1195 1171 1227 1234 le
1247 1171 1343 1232 cham-

376 1273 479 1336 bellan
503 1273 543 1336 de
561 1271 713 1356 levesque
732 1289 765 1336 er
776 1274 821 1337 les
832 1279 890 1338 mit
906 1295 945 1338 en
958 1277 1019 1338 sort
1036 1279 1151 1359 prison.
1167 1277 1233 1339 Che
1251 1289 1344 1360 ropnt

376 1379 525 1461 l'e'veeque
542 1379 663 1440 Liebert
676 1379 706 1441 le
720 1382 816 1462 reprit
830 1381 902 1442 bien
926 1381 1150 1459 douchement‚
1166 1386 1245 1444 maie
1270 1384 1343 1464 point

374 1507 413 1546 ne
428 1485 625 1557 ee.enien‹ln;
652 1488 718 1546 eins
737 1484 785 1546 fut
804 1487 851 1566 pis
862 1505 923 1569 que
933 1501 1130 1568 anparavant.
1147 1488 1175 1548 A
1195 1488 1343 1550 doml'er·

376 1591 552 1652 communia
572 1589 740 1670 l'e'resque;
763 1588 787 1650 il
806 1589 910 1672 depitn
924 1590 1265 1655 l'excommunimentet
1286 1610 1346 1654 n'en

374 1698 434 1758 rint
446 1707 568 1776 compte
588 1707 670 1756 etue
685 1695 895 1777 deignavenir
910 1719 930 1758 a
953 1697 1088 1780 merehy.
1110 1697 1186 1760 Ains
1210 1704 1268 1759 s'eu
1288 1697 1345 1758 alh

374 1821 414 1864 au
424 1813 523 1862 comte
536 1799 576 1862 de
599 1798 795 1879 St-Quenrin,
810 1807 854 1863 en'
870 1800 1094 1880 vermandois,
1111 1816 1142 1864 et
1162 1803 1287 1865 furarer
1299 1801 1345 1883 luy

375 1917 442 1968 tout
455 1905 678 1982 excommunie,
704 1917 734 1966 et
757 1907 807 1967 fist
827 1927 846 1966 a
870 1905 1030 1970 l'ereschie'
1051 1920 1120 1970 tout
1140 1907 1171 1970 le
1197 1908 1261 1970 mal
1282 1907 1345 1990 qu'il

374 2012 476 2098 perh,
489 2025 520 2075 et
531 2012 649 2074 fit'saire
657 2035 699 2074 rur
710 2011 824 2072 chastel
835 2034 873 2074 en
883 2011 947 2074 lieu
954 2015 1008 2094 qui
1019 2016 1102 2074 avoit
1109 2035 1185 2080 nom
1191 2013 1339 2098 Porgirel,

374 2123 451 2181 ainsi
462 2139 523 2202 que
533 2141 552 2182 u
563 2119 689 2180 xlieues
703 2139 772 2200 pres
782 2117 820 2180 de
831 2117 862 2179 lu
882 2116 955 2180 ville
971 2118 1011 2180 de
1031 2117 1192 2202 Gambray,
1209 2133 1240 2182 et
1253 2117 1344 2202 quand

375 2225 455 2290 illut
475 2227 549 2303 fait,
564 2225 588 2287 il
603 2238 688 2288 entra
711 2224 825 2286 dedans
845 2233 918 2286 erec
941 2223 1102 2306 heaumup
1122 2225 1163 2288 de
1184 2229 1342 2290 maurrises

374 2354 447 2415 gens
466 2334 521 2414 qui
531 2333 672 2394 fuisoient
685 2343 753 2392 tout
763 2329 792 2390 le
803 2333 849 2411 pis
860 2331 915 2411 qui
932 2331 1107 2412 pouvoient.
1130 2329 1209 2412 Non·
1224 2332 1343 2404 obsum,

373 2439 526 2520 l'evesque
550 2437 673 2500 Liebert
697 2458 735 2498 ne
755 2435 872 2498 laissoit
894 2457 913 2496 e
937 2435 1140 2500 chevauchier
1168 2459 1276 2522 parmy
1298 2459 1344 2500 sun

374 2542 532 2619 meschini,
546 2543 621 2604 dont
637 2545 720 2606 avint
735 2564 795 2604 une
808 2541 866 2604 fois
880 2563 940 2622 que
951 2539 1103 2625 levesque
1117 2542 1243 2606 Liebert
1260 2547 1343 2606 rimi

373 2669 434 2712 une
448 2647 521 2712 ville
536 2647 679 2710 nommee
690 2645 839 2722 Buriciel‚
852 2659 883 2707 et
906 2649 996 2708 estoit
1008 2645 1146 2709 travaille
1169 2647 1215 2710 ‹lu
1234 2649 1344 2710 chemin

375 2769 405 2818 et
419 2755 566 2817 demeum
590 2754 621 2816 ln
634 2767 711 2816 cette
723 2757 800 2816 nuit.
818 2753 907 2816 hedit
927 2751 1052 2835 Hugues
1070 2753 1162 2818 eunt·
1174 2758 1264 2820 everti
1284 2757 1345 2816 rint

372 2861 576 2922 hastirement
586 2881 623 2922 en
637 2859 667 2920 ln
681 2859 758 2920 ditte
771 2857 844 2922 ville
858 2879 930 2922 avec
943 2879 1016 2940 gens
1029 2857 1160 2920 d'armes
1185 2874 1216 2924 et
1237 2859 1343 2939 rompir

371 2965 415 3026 les
437 2979 538 3044 portes
559 2987 601 3026 ou
625 2967 715 3026 estoit
734 2963 814 3046 logie
828 2963 979 3045 levesque
991 2976 1020 3026 et
1034 2963 1135 3026 oechit
1150 2964 1298 3044 plusieurs
1310 2961 1343 3022 de

372 3091 418 3132 ses
438 3091 528 3152 gens,
552 3083 583 3132 et
601 3071 695 3132 vinth
707 3069 799 3132 l'huis
812 3069 851 3132 de
865 3070 896 3130 la
907 3069 1053 3134 chambre
1072 3069 1112 3132 de
1126 3069 1278 3152 levesque
1290 3088 1343 3150 que

372 3175 633 3238 messireWibaul
654 3198 708 3238 son
721 3186 843 3258 prevost
863 3173 1342 3238 defendritvaillemmentetnllr

371 3281 441 3345 ledt.
457 3283 582 3366 Hugues
595 3281 726 3364 prendre
743 3280 893 3364 levesque
908 3304 946 3344 eu
958 3303 1013 3344 son
1027 3281 1063 3342 lit
1077 3293 1108 3342 et
1132 3281 1293 3346 l'emmem
1309 3303 1343 3342 eu

371 3411 426 3452 son
438 3389 550 3450 chastel
564 3411 582 3449 a
598 3388 670 3472 Oisy
694 3401 723 3450 et
742 3410 797 3470 pai·
810 3386 916 3448 lorche
936 3387 966 3448 le
986 3390 1045 3450 tint
1057 3385 1088 3447 ln
1101 3385 1175 3470 long
1196 3401 1283 3450 rems.
1301 3383 1343 3445 fn

371 3494 428 3556 che
442 3509 541 3576 temps
551 3509 684 3576 trepaesu
699 3493 839 3556 Banduin
849 3505 950 3556 comte
959 3493 998 3558 de
1008 3491 1151 3569 Flundre,
1167 3506 1198 3554 et
1210 3491 1342 3564 Arnoult,

370 3600 504 3676 sensile,
527 3611 623 3661 esunt
636 3599 752 3662 adverti
767 3620 827 3682 que
842 3598 995 3678 levesque
1014 3597 1137 3658 hiebert
1162 3601 1252 3662 estoit
1274 3599 1343 3658 ainsi

370 3705 502 3781 demun,
525 3727 557 3766 sn
571 3727 655 3766 urere
680 3719 710 3766 er
729 3705 781 3788 luy
802 3703 1020 3766 assemhlerent
1040 3702 1136 3784 grand
1155 3703 1285 3766 nombre
1309 3701 1344 3764 de

370 3833 442 3894 gens
457 3825 486 3872 et
497 3814 644 3873 vim‘eutn
658 3810 730 3893 Oisy
742 3825 772 3874 et
784 3813 874 3874 firent
887 3823 952 3872 tant
965 3832 1027 3891 que
1049 3805 1199 3891 levesque
1221 3808 1287 3869 leur
1302 3805 1344 3868 lm

370 3917 485 3984 ‹le'livrh
497 3931 527 3979 et
547 3917 575 3978 le
593 3930 812 3980 rameneienta
825 3917 974 3999 Gainhray
998 3937 1017 3978 a
1038 3913 1135 3998 grand
1156 3913 1297 3976 honneur
1316 3927 1342 3972 er

369 4023 461 4085 ndum
471 4023 572 4084 donna
583 4021 658 4084 ledit
668 4035 765 4086 comte
777 4023 906 4084 Arnoult
916 4035 945 4082 et
960 4020 990 4082 lu
1000 4031 1134 4086 comesse
1154 4040 1187 4080 ea
1208 4039 1291 4082 mere
1306 4015 1344 4076 de

371 4129 449 4194 beau
480 4129 555 4212 drap
579 4128 617 4192 de
643 4149 712 4214 soye
738 4143 767 4194 et
790 4131 941 4222 plusieurs
961 4139 1063 4190 autres
1093 4125 1172 4190 dous
1195 4147 1214 4187 a
1240 4123 1343 4206 l'e'glire
