2906 4970
340 619 396 672 326
641 626 760 672 (ΖΜΟΝ.
782 627 859 674 CAH.
875 630 917 672 ΕΤ
935 627 1011 672 ΛΤΒ.

339 805 370 853 et
380 813 431 852 eos
441 813 495 873 per
510 813 587 873 quos
600 793 697 873 riguit
707 791 814 872 procul
823 792 963 873 abjicere.
977 791 1013 852 ln
1026 811 1099 852 vero
1107 789 1187 851 mihi
1196 788 1311 858 credite,

339 898 413 976 quia
423 898 522 956 suasio
535 899 609 970 ista,
625 916 673 955 res
687 908 731 954 est
742 895 902 972 simulata,
917 917 980 956 non
990 915 1072 956 vera.
1090 892 1128 953 Et
1141 892 1260 954 idcirco
1273 909 1312 950 ro·

338 996 386 1058 bis
400 999 525 1061 obedire
534 997 656 1073 distuli,
672 1001 745 1080 quia
758 1019 814 1058 nec
826 997 934 1074 nobis,
953 1019 1009 1059 nec
1027 998 1113 1060 vobis
1131 1000 1222 1079 quies
1246 995 1311 1056 ultra

337 1117 484 1166 maneret.
501 1101 580 1166 Sanc
589 1125 651 1164 non
661 1102 737 1163 adco
749 1105 863 1163 mirum
874 1105 898 1162 si
909 1103 949 1164 ab
960 1125 993 1165 re
1002 1102 1071 1183 plus
1081 1107 1161 1182 justo
1176 1101 1258 1162 mihi
1272 1103 1310 1160 in·

339 1205 525 1286 dignemini,
541 1209 628 1265 sicuti
643 1205 810 1265 Mauricius
823 1204 989 1288 Gregorio,
1005 1207 1146 1288 quamvis
1159 1203 1253 1284 longe
1271 1203 1310 1260 in·

339 1310 385 1370 fra
399 1309 591 1390 Gregorium.
608 1307 750 1368 Verenda
760 1327 833 1368 vero
847 1328 940 1387 quum
955 1309 1048 1368 subiit
1062 1307 1233 1368 Mauricius
1250 1307 1308 1366 vin·

340 1413 438 1487 dicta,
464 1411 540 1471 dum
566 1424 610 1471 est
636 1409 703 1470 heri
737 1422 767 1468 ct
793 1409 905 1485 hodie,
939 1416 1024 1491 cujus
1048 1415 1184 1492 potimur
1209 1409 1308 1472 vicaria

343 1538 482 1600 persona.
500 1515 560 1576 Per
574 1535 644 1575 eum
656 1516 709 1594 qui
731 1513 874 1575 formavit
892 1527 923 1576 et
939 1515 1084 1578 adunavit
1106 1515 1263 1576 ecclesiam
1276 1509 1308 1573 do

342 1623 436 1684 latere
447 1641 520 1694 suo,
536 1641 590 1680 vos
603 1639 763 1700 precamur
777 1641 815 1680 ne
832 1617 1011 1680 scindatisct
1020 1617 1169 1698 dissipetis
1183 1639 1251 1678 eam
1260 1641 1268 1675 ι
1277 1633 1307 1674 nc

342 1720 427 1802 quod
436 1720 531 1794 absit,
548 1731 632 1780 extra
645 1737 713 1778 cam
727 1719 924 1779 inveniamini
939 1739 994 1797 per
1008 1720 1222 1799 purgationem
1241 1736 1306 1780 ren-

344 1825 445 1887 tilabri
456 1823 522 1884 Dei.
537 1823 691 1904 Loquaccs
704 1821 906 1882 adolescentes
921 1843 992 1882 cum
1002 1821 1143 1884 Roboam
1153 1842 1192 1882 ne
1206 1819 1308 1881 admit·

343 1933 418 2006 tite,
434 1931 509 2011 quin
524 1930 625 2010 potius
635 1949 689 2008 per
699 1925 839 1988 silentem
857 1924 948 1988 Chusi
963 1925 1063 1990 David
1084 1927 1307 2008 sapientissimus

345 2033 823 2116 princepsinrernas,quasite.
854 2076 860 2090 .
894 2077 900 2090 .
931 2075 938 2092 .
965 2078 971 2090 .
997 2076 1004 2091 .
1034 2078 1040 2090 .
1072 2077 1078 2090 .
1105 2075 1113 2094 .
1139 2077 1146 2090 .
1173 2075 1180 2090 .
1206 2076 1213 2090 .
1237 2076 1244 2090 .
1270 2068 1304 2086 .·

347 2767 494 2809 novennio
512 2765 671 2806 astruant!
688 2764 766 2804 Aron
781 2765 942 2808 GEBABDUH
959 2766 1122 2810 ammonuit
1136 2766 1198 2824 (cm
1210 2757 1305 2806 cosm

374 2843 540 2900 succussit)
563 2847 583 2884 Δ
599 2845 657 2895 QUO
675 2845 790 2884 Palm
812 2846 975 2886 mortum
996 2847 1195 2892 SGEOLAS'HCI.
1213 2835 1304 2884 usum!

373 2925 412 2965 UT
433 2923 572 2964 narseum
589 2925 676 2963 ESSET
692 2925 712 2962 Α
733 2923 888 2970 constans,
904 2925 1030 2975 DEMQUE
1051 2915 1303 2966 nemnuconnt'.

370 3001 584 3042 sweolcum
597 3001 782 3042 ΙθΝΟΙΑΤῦΙε

349 3203 467 3314 fluo
494 3237 645 3341 quidem
664 3239 831 3313 Gerardo
854 3239 1022 3340 pontifici
1050 3241 1098 3311 D.
1121 3235 1303 3311 Lictbcrtus

350 3365 389 3434 in
405 3365 656 3462 episcopatum
673 3363 859 3454 successit,
877 3365 942 3461 qui
958 3389 998 3434 ex
1013 3354 1235 3434 Brachatcnsi
1247 3371 1305 3446 pa·

351 3486 438 3575 tria,
455 3483 572 3556 nobili
587 3497 688 3556 ortus
702 3487 922 3583 prosapia‚a
931 3482 1222 3583 progenitoribus
1230 3467 1305 3544 edu·

352 3605 491 3680 candus
515 3633 608 3706 puer
637 3609 850 3679 commissus
874 3622 926 3679 est
946 3605 1015 3678 sub
1037 3608 1149 3704 ipsius
1170 3581 1304 3672 Gerardi

351 3729 535 3830 pontificis
549 3728 754 3828 disciplina.
770 3733 866 3800 Puer
881 3719 1303 3827 igituristedocibiliinge·

352 3855 415 3925 nio
440 3851 636 3951 praeditus,
669 3867 705 3923 et
730 3851 872 3924 assidua
894 3853 946 3950 pii
971 3851 1133 3948 magistri
1160 3831 1304 3917 doctrina

351 3974 587 4068 informatus,
619 3978 765 4073 gemina
793 3977 944 4048 scientia
973 3973 1110 4047 affatim
1130 3957 1301 4041 imbuitur.

354 4097 472 4190 Quem
486 4095 614 4170 videns
629 4099 711 4198 pius
726 4112 830 4196 pater
842 4097 949 4172 bonis
964 4094 1094 4172 studiis
1107 4100 1260 4168 cresceret
1274 4073 1304 4137 ⁶¹
