3044 4968
362 553 417 606 stt
658 555 777 602 cunotv.
798 555 876 602 ctu.
896 557 938 600 nr
958 553 1034 599 Ara.

1186 649 1344 663 ὴ

360 719 515 794 niendos
537 720 747 811 aestimavit,
774 732 810 789 et
839 731 884 788 ut
913 716 1020 788 illum
1046 719 1239 789 communi
1267 716 1344 788 suf-

360 843 477 941 fragio
499 844 712 942 episcopum
740 840 809 913 sibi
832 839 878 912 ab
902 843 1123 940 imperatore
1147 838 1229 910 fieri
1253 864 1345 938 pos-

362 966 547 1058 tularent,
581 989 714 1062 magna
745 964 898 1062 largitus
926 965 977 1034 eis
1005 987 1188 1054 munera,
1219 962 1343 1034 multo

361 1091 501 1188 maj0ra
521 1085 734 1186 spopondit.
764 1089 836 1178 Qui
856 1087 979 1158 statim
1000 1085 1161 1178 oberati,
1182 1085 1345 1184 legatio-

362 1235 448 1282 nem
465 1211 679 1308 imperatori
697 1210 895 1300 miserunt,
915 1223 951 1280 et
964 1222 1007 1280 ut
1019 1208 1090 1280 sibi
1110 1234 1223 1308 quem
1236 1207 1344 1307 lege-

363 1346 453 1404 runt
464 1329 698 1431 pontificem,
713 1333 789 1429 ipse
799 1332 910 1402 etiam
925 1333 1155 1403 consentiens
1167 1329 1345 1430 dignetur

364 1451 583 1544 concedere,
601 1465 837 1550 rogaverunt.
853 1451 991 1524 Videns
1011 1477 1099 1526 vero
1118 1456 1342 1552 imperator,

365 1575 468 1676 quod
498 1577 587 1674 quia
612 1586 721 1647 antea
749 1573 985 1667 Wiboldum,
1008 1575 1214 1648 secundum
1235 1601 1343 1648 suam

364 1699 594 1792 electionem,
611 1697 709 1770 facili
734 1721 880 1770 assensu
900 1723 1030 1772 eorum
1048 1699 1219 1797 precibus
1234 1703 1346 1774 attri-

364 1821 468 1913 buit,
491 1818 707 1893 ideoetiam
737 1818 961 1893 admittendi
988 1823 1203 1920 episcopum
1222 1823 1347 1895 lacul-

366 1957 477 2016 tatem
487 1970 554 2018 suo
568 1945 705 2018 vellent
717 1944 866 2017 fortasse
880 1943 1034 2017 arbitrio
1045 1946 1240 2037 reservari,
1256 1971 1346 2018 cum

365 2070 468 2139 omni
486 2067 650 2169 profecto
669 2067 913 2166 refragatione
944 2091 1074 2140 eorum
1097 2067 1271 2166 legationi
1293 2070 1350 2144 ef-

364 2189 501 2264 fectum
515 2194 706 2292 impartire
720 2193 880 2289 negavit.
896 2191 1034 2262 Verum
1048 2189 1201 2290 quidem
1213 2193 1350 2268 altiore

364 2315 516 2386 consilio
545 2327 776 2414 praeventae,
809 2311 1014 2385 Tetdonem
1041 2317 1149 2387 sacris
1176 2317 1346 2390 moribus

363 2449 576 2528 strenuum,
593 2461 669 2508 non
687 2434 832 2510 modice
845 2437 1053 2531 literatum,
1077 2440 1206 2538 primis
1232 2453 1350 2540 atque

364 2559 566 2656 majoribus
579 2562 743 2631 Saxoniae
761 2561 1019 2657 progenitum,
1046 2561 1271 2636 Coloniensis
1285 2589 1349 2637 eo-

364 2679 481 2754 clesiae
496 2685 611 2756 sancti
626 2684 789 2756 Severini
804 2685 1044 2783 praepositum
1060 2739 1070 2775 ,
1087 2685 1172 2760 lieet
1186 2688 1346 2758 reniten-

365 2817 459 2896 tem,
484 2808 572 2904 quia
592 2830 724 2905 pravos
745 2833 864 2883 mores
876 2821 917 2880 ‘et
932 2806 1157 2881 ferocitatem
1179 2809 1349 2882 audierat

367 2929 698 3020 Cameracensium,
716 2909 967 3030 competenter
981 2946 1104 3005 tamen
1119 2930 1166 3006 ad
1187 2948 1349 3034 pastora-

366 3049 410 3120 lis
434 3051 623 3145 regiminis
654 3051 868 3126 sublimavit
895 3053 1071 3128 officium.
1103 3053 1350 3132 Ordinatione

367 3174 491 3270 itaque
505 3185 670 3270 peracta,
690 3176 747 3244 vir
767 3175 836 3246 Dei
866 3176 1105 3270 venerabilis,
1135 3181 1348 3278 compositis

367 3295 573 3367 necessariis
589 3293 720 3387 rebus,
740 3321 825 3368 sane
842 3321 990 3396 gregem
1005 3303 1240 3374 commissum
1255 3305 1349 3380 visi-

366 3430 528 3509 taturus,
557 3416 604 3488 ad
626 3416 750 3490 sedem
770 3419 839 3490 sibi
861 3443 1067 3494 concessam
1091 3419 1252 3495 devenit.
1272 3423 1347 3498 Sed

365 3541 425 3610 vix
438 3563 605 3610 sermone
620 3541 756 3636 poterit
773 3541 963 3639 explicari,
986 3557 1078 3642 quot
1097 3559 1223 3644 postea
1239 3549 1348 3646 inju-

366 3659 455 3748 rias,
477 3672 569 3757 quot
590 3661 847 3756 contumelias,
868 3677 960 3764 quot
976 3669 1087 3742 etiam
1108 3665 1347 3744 adversitates

366 3803 387 3852 a
412 3781 486 3851 suis
503 3805 691 3881 perpessus
713 3796 778 3856 est.
