2906 4970
924 529 1088 556 ··›----..

464 589 559 634 nmen
575 588 724 634 suarius.
1029 578 1087 633 299

105 745 218 814 milites
231 747 430 812 dominissuis
438 762 469 812 et
478 751 636 830 episcopis.
648 747 720 812 Etsi
730 749 806 830 quid
820 761 925 812 contra
939 761 970 810 te
978 769 1088 832 pecas-

102 873 176 916 vero
186 865 217 916 et
227 871 265 916 ex
275 863 360 934 perte
374 853 421 914 tui
431 851 471 912 de
486 850 684 918 satisfactione
693 852 828 916 socienda
840 855 973 916 monitus
985 853 1084 930 suero,

103 955 197 1020 tsiem
210 957 360 1038 justitium
373 954 430 1018 tihi
444 999 452 1030 ,
464 957 522 1018 nisi
535 955 614 1018 mihi
624 955 785 1022 indulseris
797 1001 805 1032 ,
817 957 926 1020 inciam
939 1003 948 1032 ,
963 958 1086 1038 qualem

101 1061 268 1146 supradicti
279 1059 491 1124 lotharienses
501 1060 614 1124 milites
624 1063 686 1124 suis
696 1061 829 1126 dominis
839 1075 869 1124 et
878 1064 1027 1146 episcopis
1037 1063 1087 1124 is-

102 1167 196 1232 ciunt.

324 1303 326 1306 ⁵
393 1316 559 1500 (dap.
608 1359 831 1440 xxxvi.

229 1633 437 1678 mudum!
449 1635 667 1678 emmenum!
681 1635 813 1679 estiensis
826 1641 973 1681 WALTEM.

106 1809 391 1924 Sscmnmrun
405 1847 507 1950 quod
522 1848 625 1944 Odo,
640 1851 857 1941 Rotbertus,
874 1850 1084 1942 Anselmus,

104 1971 348 2064 Lantbertus,
367 1985 514 2071 petente
532 1973 713 2066 Waltero,
728 1977 962 2072 juraverunt.

144 2093 196 2156 Ab
206 2094 264 2156 huc
277 2093 353 2156 hors
367 2096 500 2156 inantea
509 2115 571 2156 non
582 2097 695 2158 erimus
706 2095 762 2156 tibi
775 2099 808 2156 in
817 2095 949 2169 mnino,
961 2094 1000 2156 de
1013 2097 1087 2170 vita,
1165 2143 1167 2151 .

106 2199 148 2276 de
158 2198 322 2276 nnembris,
337 2199 376 2260 de
387 2197 595 2262 cameracensi
606 2201 777 2280 episcopio,
792 2199 831 2260 dc
844 2199 949 2274 terris,
966 2197 1005 2260 de
1021 2219 1090 2260 cas·-

107 2301 209 2378 tellis,
225 2323 325 2386 neque
341 2301 379 2364 de
394 2303 507 2364 caeoeris
521 2301 631 2380 bonis,
655 2323 722 2384 qne
746 2301 838 2366 hodic
859 2315 960 2378 tenes,
982 2315 1013 2364 et
1036 2323 1090 2383 per

107 2420 248 2476 nostrum
274 2405 436 2470 consilium
457 2409 490 2469 in
511 2419 599 2470 antea
619 2407 798 2493 adquisieris
810 2451 824 2485 ,κ
835 2407 917 2470 salva
944 2407 1098 2474 fidelitate*

80 2525 83 2532 ’
107 2509 308 2574 dominorum
321 2525 514 2588 nostrornm,
531 2533 608 2594 qnos
621 2511 714 2576 hodic
727 2511 898 2588 habemus,
914 2524 945 2574 ct
960 2534 1016 2594 pro
1031 2513 1090 2574 hoc

107 2629 197 2698 pacto
211 2615 396 2679 destruendo
409 2615 572 2682 dominum
586 2639 647 2680 non
662 2618 808 2680 sociemus
821 2664 830 2696 ,
845 2639 945 2699 neque
959 2617 1090 2678 militem

108 2720 318 2804 adquiremus.
336 2719 376 2782 Et
388 2725 412 2784 si
428 2721 580 2784 Walterns
591 2736 732 2784 connato
747 2725 932 2804 peccaverit,
948 2737 979 2784 et
991 2725 1024 2784 ni
1037 2725 1091 2808 iu-

109 2825 157 2888 fra
170 2825 247 2888 duss
262 2826 506 2910 quadragesimas
518 2827 742 2904 emendaverit,
758 2849 796 2890 ex
810 2843 894 2910 pnite
906 2829 999 2890 nostri
1014 2847 1092 2888 con-

109 2944 158 2992 tra
168 2944 199 2992 te
209 2930 395 3012 adjutorium
405 2953 466 2993 non
476 2931 613 2993 habebit.
631 2930 670 2993 Et
683 2935 707 2994 si
723 2935 894 3010 monueris,
910 2945 1091 3015 perrectum
1142 2989 1145 2996 .

115 3033 210 3097 iidem
220 3035 451 3118 tejuvabimus,
465 3039 529 3098 sine
539 3036 621 3098 mulo
635 3039 767 3118 ingenio.

371 3245 534 3426 idat).
583 3301 828 3384 xxxvii.

125 3567 207 3613 ΑΗΒ
225 3565 344 3610 uma
362 3563 579 3608 convnnrronts
591 3561 630 3603 Art
644 3559 780 3612 UTRAQUE
796 3561 893 3602 PARTE
910 3561 1079 3604 SERVAMAE.

113 3740 233 3855 Nom
254 3803 323 3855 sunt
343 3789 486 3855 omnibns
500 3791 714 3856 conventiones
728 3809 803 3872 quas
816 3791 929 3852 iterum
944 3788 1097 3852 habemns

114 3921 186 3961 cnm
196 3897 332 3960 waltero
350 3911 463 3961 nostro.
477 3895 562 3960 Sicut
575 3897 666 3960 etiam
681 3895 799 3958 dudum
813 3895 917 3978 culpas
930 3893 1092 3967 inauditas,

114 4025 190 4088 qens
205 4017 310 4066 contra
322 4025 377 4066 nos
391 4005 563 4080 commisit,
578 4023 634 4084 pro
649 3999 706 4064 Dei
720 4023 842 4078 umore,
860 4003 1094 4078 amicorumque

114 4129 242 4176 mortun
255 4109 446 4194 dimisimus,
459 4131 497 4170 co
506 4107 647 4174 videlicet
660 4121 764 4192 pecto,
779 4109 871 4170 utsic
885 4102 1098 4186 permansisset
