2906 4970
470 555 475 564 ·
554 563 648 608 anun
666 565 815 611 reactus.
1029 557 1036 570 '
1065 545 1069 560 ¹
1115 557 1173 611 26³

187 727 330 823 erupit:
346 726 491 823 Fugite,
506 725 635 822 fugite.
648 729 729 818 Quo
736 725 988 814 Letharienaes
995 731 1170 822 exterriti,

187 849 375 928 nescimus
389 871 466 946 quo
479 848 550 918 Dei
568 847 882 946 occultojndicio,
904 875 1029 922 omnes
1045 850 1171 950 fugam

187 969 373 1040 inierunt.
391 971 447 1040 Ex
463 967 619 1066 quibua,
635 993 747 1067 quarn
762 970 898 1061 multa,
913 995 956 1044 ac
969 995 1080 1070 quem
1097 975 1172 1046 mi·-

187 1077 358 1166 scrabilis
371 1087 485 1163 caedcc
500 1088 595 1163 facta
612 1105 684 1184 eat,
704 1115 780 1162 non
796 1105 848 1163 est
864 1097 1053 1190 praeaentis
1070 1119 1172 1192 nego·

188 1217 238 1286 tii
254 1215 447 1314 explicare.
465 1215 539 1286 Nec
554 1227 627 1286 tam
642 1227 764 1287 tamen
788 1213 835 1286 ab
854 1211 1021 1287 hostibus
1049 1215 1147 1289 ferro
1158 1263 1170 1310 ,-

185 1359 310 1434 quam
331 1338 461 1406 timore
481 1337 616 1426 vexati,
637 1337 734 1408 inter
755 1361 864 1410 naves
885 1334 976 1408 dum
1000 1336 1170 1435 fugerent

182 1463 236 1532 in
264 1474 418 1530 numero
440 1457 767 1556 periclitabantur,
799 1458 991 1532 manifesto
1016 1458 1168 1557 quidem

186 1576 297 1679 quod
313 1581 490 1678 scriptum
504 1593 575 1650 est:
592 1586 676 1676 quic
691 1607 784 1652 unua
796 1583 909 1666 mille,
926 1592 968 1672 et,
980 1582 1170 1682 deustega-

186 1713 277 1773 rtmt
291 1704 402 1772 decem
413 1703 544 1774 millia.
565 1703 650 1774 Dux
666 1718 789 1776 autem
803 1701 1039 1794 Godefridus,
1056 1729 1168 1802 quem

187 1820 352 1895 secunda
369 1822 553 1896 bellorum
568 1823 1003 1924 accenderant,undique
1019 1829 1171 1899 circum·

186 1944 312 2038 fusus,
329 1944 420 2018 dum
433 1946 559 2044 fugere
576 1946 729 2046 pudoris
746 1950 921 2040 aeatimat,
945 1947 1175 2044 fugientibus.

187 2061 428 2158 sociisssolus
443 2070 483 2140 in
497 2069 669 2167 praelium
684 2072 778 2159 ruit,
797 2072 970 2166 caesisque
987 2093 1079 2166 quoe
1100 2067 1171 2142 ad-

187 2213 337 2262 versum
360 2193 471 2281 ierat,
503 2213 524 2260 a
551 2189 664 2261 latere
691 2191 981 2280 circumventus,
1015 2188 1167 2264 tandem

189 2313 339 2411 capitur
364 2313 592 2385 vulneratus.
612 2313 759 2384 Timent
781 2324 904 2383 autem
923 2309 1169 2387 Theodericus
1222 2315 1231 2330 ⁸

189 2447 305 2507 tantae
331 2433 597 2533 magnitudinis
617 2436 741 2509 virum
761 2436 801 2505 in
822 2436 992 2534 captione
1024 2448 1166 2530 tenere,

186 2582 269 2631 suae
285 2559 479 2631 temeritati
492 2557 695 2650 consuluit,
711 2583 890 2658 eumque,
908 2572 950 2630 ut
961 2557 1031 2631 sihi
1046 2561 1168 2658 impe-

186 2681 323 2752 ratoris
338 2681 493 2776 gratiam
511 2695 733 2771 emercetur,
750 2680 852 2752 abire
872 2684 1057 2754 concessit.
1083 2685 1169 2779 lpeo

185 2787 280 2876 vero
306 2800 390 2894 die,
412 2815 448 2873 et
468 2815 509 2873 ut
526 2801 635 2874 multi
659 2802 893 2900 conjectant,
922 2800 1050 2874 eadem
1075 2800 1167 2904 hora

188 2950 268 3024 qua
285 2923 426 2996 bellum
446 2924 679 3016 factumest,
699 2924 887 2998 Baldricus
901 2928 1105 3026 episcopus
1125 2929 1164 2999 in

187 3044 368 3146 praedicta
387 3047 475 3121 villa
495 3047 685 3122 hominem
705 3051 838 3142 exivit,
858 3049 1022 3148 Letgiam
1042 3065 1165 3124 tamen

188 3165 241 3238 ad
257 3168 506 3267 sepeliendum
522 3169 706 3244 devectus.
716 3168 772 3241 Ad
780 3195 890 3268 quem
902 3171 1165 3244 tumulandum

187 3290 241 3362 D.
257 3289 441 3363 Gerardus
455 3291 646 3388 episcopus
659 3316 727 3389 per
745 3291 967 3386 legationem
986 3309 1137 3368 vocatus
1153 3347 1163 3388 ,

189 3414 246 3485 ire
259 3409 335 3484 non
350 3411 513 3502 distulit,
529 3411 593 3483 sed
606 3411 770 3483 fraterno
784 3409 916 3482 ductus
930 3435 1074 3503 amore,
1101 3439 1168 3513 per

189 3549 305 3608 totam
320 3523 465 3608 noctem
485 3537 651 3608 celeriter
668 3537 860 3635 equitavit.
885 3537 981 3607 Cum
1004 3563 1090 3610 vero
1110 3540 1166 3610 ci-

190 3671 247 3729 tra
257 3659 598 3730 Mentem-castrum
613 3660 682 3730 iter
696 3671 874 3756 carperet,
884 3655 1165 3758 adhucqnidem

187 3777 330 3878 praelii,
347 3777 450 3876 quod
466 3777 584 3851 fuerat
598 3777 756 3870 factum,
781 3781 947 3877 ignarus,
974 3795 1063 3858 tunc
1083 3785 1166 3879 pri-

187 3927 294 3974 mum
310 3899 357 3973 de
373 3901 521 4000 praelio,
541 3901 636 3974 etde
650 3903 820 4001 captione
839 3903 942 3975 ducis
963 3915 1164 4000 acceperat.

185 4023 339 4128 Duplici
353 4049 441 4124 ergo
459 4049 618 4100 merore
634 4025 802 4120 allectus,
822 4029 921 4102 viam
944 4025 1072 4098 metire
1090 4024 1167 4099 les-
