3088 4968
358 545 395 591 10
683 547 789 588 mott-
805 547 874 588 Cffl·
887 547 926 588 ΕΤ
940 547 1007 590 m.

360 709 496 794 sulem,
526 705 634 777 exilio
662 701 896 803 religandum
920 701 1131 802 deputavit,
1152 703 1337 803 longeque

360 827 407 900 ab
434 827 505 899 illis
532 826 724 926 partibus,
753 828 792 897 in
821 827 1026 924 municipio
1054 823 1338 898 viromandensi

360 948 472 1048 quod
485 951 627 1022 Perona
648 961 819 1041 vocatur,
848 948 917 1021 sub
946 946 1112 1022 custodia
1131 945 1336 1020 admodum

359 1071 651 1146 reverendissimi
664 1073 736 1145 viri
748 1069 878 1143 Ultani
887 1069 1030 1144 abbatis
1043 1067 1336 1168 mancipandum

360 1191 577 1288 destinavit,
601 1195 738 1268 seilicet
755 1209 800 1266 ut
825 1196 938 1292 quem
962 1194 1060 1266 ferio
1080 1219 1160 1266 non·
1176 1189 1338 1264 audebat

360 1313 560 1407 perimere,
583 1309 694 1408 longa
714 1309 843 1382 saltem
867 1307 964 1380 exilii
992 1309 1230 1380 tribulatione
1254 1329 1338 1380 ma-

360 1445 513 1505 ceraret.
532 1436 569 1506 S.
588 1433 702 1530 igitur
715 1427 851 1502 Ultano
868 1427 915 1502 de
932 1428 1056 1502 medio
1068 1429 1183 1524 iacto,
1204 1433 1337 1504 timens

359 1579 423 1626 rex
439 1558 576 1654 impius
592 1579 641 1626 ne
655 1566 800 1626 sanctus
822 1551 958 1651 praesul
975 1555 1209 1651 repatriaret,
1228 1552 1339 1649 elegit

360 1673 682 1774 quendamvirum
696 1675 848 1752 nomine
863 1675 1125 1766 Mauruntum,
1139 1670 1338 1748 Adalbaldi
1355 1673 1359 1682 “

361 1793 467 1870 duois
489 1809 600 1896 atque
619 1799 655 1868 S.
673 1792 859 1870 Riotrudis
877 1792 1018 1887 filium,
1034 1819 1146 1892 quem
1156 1799 1338 1868 Peronam

361 1915 512 2009 direxit,
531 1931 642 2016 atque
662 1930 705 1988 nt
725 1916 877 1988 beatum
896 1913 1091 2013 praesulem
1109 1917 1197 1991 alias
1212 1937 1340 1992 seeum

361 2035 474 2136 digne
505 2036 790 2112 custodiendum
825 2035 999 2132 duceret,
1038 2041 1246 2138 imperavit.
1270 2041 1342 2114 ¹Si-

361 2159 514 2259 quidem
531 2161 729 2262 praeslarus
758 2159 829 2232 Dei
854 2157 994 2232 athleta
1009 2157 1225 2257 hujusmodi
1245 2187 1342 2260 prse-

361 2296 469 2381 cepto
497 2309 627 2384 parere
659 2309 736 2356 non
772 2279 940 2372 distulit,
972 2279 1036 2354 sed
1068 2281 1170 2380 quod
1195 2287 1340 2384 jussum

359 2401 504 2495 fuerat,
526 2405 748 2503 quantocius
763 2426 992 2504 properans,
1014 2403 1158 2476 exulem
1172 2419 1341 2480 sanctum

361 2520 566 2598 honorifice
586 2521 800 2616 tractando,
825 2549 949 2597 secum
970 2521 1246 2632 indeqadduxit.
1265 2525 1344 2600 Illis

360 2667 448 2744 ergo
469 2645 518 2719 ad
539 2644 894 2721 Austrevandensem
915 2671 1053 2746 pagum
1081 2646 1340 2744 tendentibus,

361 2769 515 2866 contigit
546 2783 614 2862 ut,
653 2753 883 2842 refocillandi
918 2772 1055 2866 gratia,
1100 2773 1341 2845 Cameracum

360 2886 584 2962 diverterent
603 2888 652 2961 ad
671 2891 817 2962 urbem.
840 2887 913 2960 Ubi
930 2894 1068 2966 caeteris
1087 2895 1185 2967 circa
1205 2895 1341 2966 minis-

359 3013 494 3084 terium
525 3012 792 3110 satagentibus,
824 3012 1052 3088 beatissimus
1079 3015 1215 3114 praesul
1242 3019 1340 3115 parti

359 3159 474 3238 quam
491 3137 625 3228 Maria,
646 3147 798 3208 testante
814 3134 998 3227 Domino,
1016 3138 1203 3234 optimam·
1210 3137 1339 3235 elegit,

358 3257 467 3353 (law.
495 3280 553 3330 ιο.
578 3259 663 3357 da.)
683 3282 826 3356 semper
845 3255 1059 3352 intendens,
1085 3257 1273 3332 ecclesiam
1300 3263 1338 3332 S.

357 3379 428 3452 Dei
447 3384 690 3479 genitricis'et
710 3383 862 3478 virginis
889 3383 1014 3456 Mariae
1033 3379 1137 3454 baud
1159 3383 1268 3480 longe
1292 3382 1341 3456 ab

357 3499 520 3600 hospitio
545 3503 787 3593 subintravit,
822 3502 949 3601 ibique
977 3519 1161 3601 qnantum
1187 3504 1340 3580 domino

359 3646 463 3694 carus
478 3637 557 3696 erat
578 3623 847 3698 evidentissime
864 3625 1011 3698 claruit.
1036 3630 1194 3700 Intranti
1217 3629 1339 3721 enim,

358 3744 459 3813 utin
477 3744 619 3817 umbris
638 3745 748 3838 solet,
777 3739 905 3820 lumen
923 3747 1137 3842 oculorum,
1156 3749 1240 3822 solis
1262 3749 1342 3822 cla-

358 3867 466 3937 ritate
484 3867 716 3966 perculsum,
741 3867 975 3942 obtunditur.
1000 3868 1106 3942 Unde
1124 3873 1200 3971 ipse
1217 3873 1342 3944 minus

359 3989 567 4087 perspicax,
593 3987 698 4064 radio
717 3991 820 4088 solis,
838 3993 903 4092 qui
924 4017 991 4092 per
1005 3991 1170 4068 foramen
1192 3995 1342 4096 parietis
