2906 4970
648 481 1084 500 ———·-—-·—-—-

468 530 562 574 arran
579 529 728 574 rrnrrus.
1033 527 1090 582 33³

105 694 312 790 imperator
326 690 524 764 secundam
537 689 801 790 profectionem
818 696 857 766 in
871 693 1088 770 Flandriam

106 800 284 886 adsersus
298 812 523 886 Balduinum
539 828 702 912 pararet,
721 819 891 913 promisit
921 823 955 891 ei
984 818 1088 920 quod

105 938 310 1009 exercitum
323 962 432 1008 suum
446 935 535 1009 illuc
555 935 773 1030 deduceret,
795 941 825 1010 si
845 966 866 1011 a
881 941 1087 1040 Lietbert0,

106 1060 171 1130 cui
185 1060 330 1130 noviter
343 1061 594 1158 episcopatum
623 1055 794 1152 dederat,
819 1061 1088 1138 castellaturam

106 1181 380 1254 Cameracensis
395 1181 549 1254 civitatis
569 1178 649 1252 dari
664 1180 733 1252 sibi
747 1179 899 1256 fecisset.

434 1438 597 1619 dep.
651 1486 775 1562 uxr.

106 1757 283 1798 ΜΕΜΤΟΙΙ
300 1759 333 1799 08
349 1759 445 1800 BELLO
459 1759 598 1800 ACClNGl'l'
615 1759 764 1801 anmsus
780 1761 915 1804 court!
930 1765 1087 1808 nannum

131 1835 272 1876 DUCTORB
285 1837 411 1882 JOANNB.
424 1839 462 1876 ET
477 1839 590 1878 PONTES
602 1838 700 1878 PAMT
715 1838 754 1878 UT
768 1839 916 1884 scutum
936 1843 1088 1886 mmm

134 1913 198 1954 1⁴01(
212 1913 326 1953 PBOGUL
345 1914 365 1953 Α
382 1915 585 1956 ῚΔΗΞΝΤΙΔΝΙΒ.

108 2127 205 2240 His
219 2167 378 2262 auditis,
395 2172 616 2268 imperator,
638 2171 725 2266 quia
746 2171 935 2241 interram
951 2173 1093 2245 comitis

108 2289 405 2392 depopulaturus
420 2295 545 2366 venire
566 2289 765 2382 desiderat,
787 2291 893 2364 laetus
913 2293 1089 2386 efficitur,

109 2416 295 2487 aestimans
323 2441 360 2488 se
384 2413 491 2488 facile
519 2417 804 2512 impetraturum
829 2413 876 2487 ab
897 2417 1100 2516 episcopo,

110 2535 215 2634 quod
229 2561 250 2608 a
263 2539 284 2608 J
287 2535 434 2608 ohanne
451 2535 719 2634 postulabatur.
737 2535 907 2635 Denique
921 2563 989 2610 nec
1002 2540 1091 2612 mul·

110 2671 192 2730 tum
211 2660 385 2757 temporis
398 2655 589 2748 interfuit,
606 2681 692 2728 cum
716 2659 936 2755 imperator,
963 2675 1091 2758 parato
1163 2721 1174 2748 .

109 2783 292 2872 exercitu,
310 2793 347 2850 et
362 2778 533 2852 Juhanne
548 2777 700 2850 ductore
717 2782 937 2870 constituto,
955 2805 997 2850 ex
1012 2805 1093 2880 pac-

112 2915 149 2974 to
163 2915 200 2974 ct
216 2902 393 3000 petitione
411 2904 506 2999 ejus,
523 2901 621 2972 utin
642 2898 907 2974 Flandrensem
932 2903 1091 3002 patriam

112 3023 321 3116 deveniret,
352 3027 421 3096 iter
447 3020 671 3122 aggreditur.
698 3026 946 3100 Pertransiens
978 3027 1092 3123 igitur

113 3148 239 3220 omnia
254 3149 507 3245 interjacentia
527 3149 583 3218 sui
606 3148 711 3244 regni
731 3145 832 3238 luca,
855 3151 1023 3244 pervenit
1044 3147 1093 3220 ad

112 3271 241 3361 Maen,
258 3271 381 3344 vicum
397 3267 583 3368 quendam
597 3293 708 3365 super
725 3264 897 3338 Scaldum
913 3267 1091 3362 fluvium,

112 3413 191 3466 non
205 3393 352 3492 longius
365 3417 478 3492 quam
490 3387 636 3462 duobus
653 3388 1091 3482 millibusaValeutianis,

115 3516 179 3590 ubi
195 3531 325 3615 pontes
340 3515 486 3590 volebat
502 3511 640 3604 lacere,
660 3513 765 3584 etsie
785 3514 823 3582 in
849 3526 985 3586 terram
1008 3515 1095 3586 Bal-

117 3635 1093 3739 duini,quaepraesens,transitoflumiue,occurrebat,
1177 3631 1179 3636 ’

116 3763 267 3844 intrare,
287 3761 357 3836 Sed
373 3765 414 3832 B.
431 3786 552 3834 comes
567 3761 717 3833 alteram
735 3773 876 3858 partem
896 3761 987 3860 ripae
1008 3787 1096 3834 eum

116 3909 182 3958 suo
197 3885 356 3958 exercitu
367 3888 445 3984 jam
464 3896 803 3984 praeoecuparerat,
820 3907 1017 3982 perquam
1035 3884 1096 3952 im·

117 4001 1097 4110 peratorinterramejustransireparabat.Sedentibus
