2906 4970
478 583 571 626 ΗΠΒ
590 583 742 628 sturme.
1044 579 1100 633 Εθῐ

114 747 210 827 ,tulit
240 745 417 845 dignitate
447 744 680 824 donandum.
713 750 888 839 Quamvis
914 753 1014 826 enim
1028 751 1103 828 abr

113 869 223 944 .batia
254 896 398 970 pauper
423 871 471 944 sit
496 883 534 940 et
563 870 710 965 exigua,
741 869 880 968 pendet
906 886 1029 948 tamen
1055 873 1102 948 de

112 1018 239 1070 ⁵manu
252 995 365 1090 regia.
385 993 458 1086 Qui
474 990 588 1064 abbas
608 989 744 1082 factus,
761 1017 847 1068 oum
866 991 913 1066 ad
929 999 1103 1070 commis-

109 1141 207 1191 ·sum
228 1117 493 1190 monasterium
512 1115 759 1213 pervenisset,
789 1118 914 1188 omnia
932 1115 1103 1218 dissipata
1162 1096 1163 1100 Ἰ

110 1241 346 1331 .miratur.,et
362 1263 438 1314 non
457 1251 601 1312 tantum
619 1241 812 1336 prasentia
827 1236 963 1313 damna
975 1239 1104 1339 deplo-

120 1374 201 1452 rat3
218 1363 472 1433 verumetiam
488 1360 621 1432 multas
644 1362 870 1434 incursiones
889 1362 1100 1456 latronum,

121 1484 192 1581 qui
207 1481 296 1556 illuc
308 1509 418 1582 quam
433 1483 585 1582 plurimi
601 1497 877 1575 conversantur,
887 1499 1012 1583 postea
1028 1511 1104 1584 per·

120 1629 246 1702 pessus
263 1619 328 1677 est.
345 1608 512 1697 Quorum
531 1627 649 1696 uuus,
669 1605 820 1677 nomine
840 1606 954 1700 Atdo,
978 1611 1103 1680 nomi-

110 1728 331 1801 natissimus
354 1741 481 1826 raptor
495 1781 515 1819 ,.
536 1727 670 1799 multos
699 1729 893 1826 inrogabat
918 1732 1099 1827 injurias,
1206 1739 1211 1748 '

121 1851 161 1920 in
176 1862 280 1921 tanta
297 1848 447 1949 quidem
472 1851 759 1950 praesumptione
778 1845 969 1945 sublatus‚'
985 1868 1028 1925 ut
1047 1856 1104 1924 in·

122 1971 176 2045 fra
208 1971 409 2045 claustrum
430 1999 520 2046 oum
544 1976 683 2071 rapinis
703 1989 739 2045 et
762 1977 873 2045 armis
901 1974 1103 2074 aliquando

113 2109 341 2168 mersantur.
364 2093 472 2166 Unde
493 2098 686 2193 episeopus
709 2099 882 2166 eomitem
902 2097 1103 2169 Rainernm

114 2214 481 2314 ‘frequenticlamore
503 2215 683 2313 pulsavit,
709 2235 795 2288 sane
815 2214 989 2309 surdum5
1016 2220 1104 2315 quia

123 2349 158 2406 et
186 2339 266 2436 ipse
296 2350 424 2433 raptor
453 2335 666 2434 raptoribus
697 2335 819 2408 favere
852 2349 1100 2410 consueverat.

116 2461 288 2556 vContigit
301 2473 424 2530 autem
436 2459 707 2557 D.episcopum
723 2460 795 2531 alio
811 2459 1021 2532 tendentem
1037 2485 1104 2560 per

123 2579 217 2653 illud
244 2583 509 2653 monasterium
535 2583 730 2654 transitum
757 2582 889 2656 facere.
916 2583 988 2655 Ubi
1016 2609 1102 2657 oum

122 2705 365 2801 pervenisset,
389 2701 609 2802 praediotnm
628 2702 809 2776 latronem
830 2707 990 2793 invenit,
1010 2729 1103 2802 eal>

122 2838 279 2927 tumque
292 2824 467 2918 albaldo,
484 2827 769 2924 Trejeetensium
787 2827 977 2925 episeop0‚
997 2851 1103 2899 com-

113 2949 326 3022 mendavit.
345 2952 429 3021 Post
445 2951 555 3021 unius
569 2974 656 3022 vero
671 2951 759 3022 anni
777 2949 1026 3044 curriculum,
1051 2951 1098 3022 D.

123 3075 317 3171 episcopus
337 3069 541 3144 multorum
566 3072 737 3172 precibus
763 3071 957 3164 delinitus,
981 3071 1102 3146 redire

120 3196 309 3292 permisit,
325 3197 602 3294 promittentem
619 3193 808 3287 videlicet,
831 3209 867 3265 et
889 3209 1013 3268 sancte
1034 3193 1103 3265 de-

121 3316 329 3411 jerantem,
354 3314 458 3414 quod
478 3317 616 3412 rapinis
640 3339 675 3384 se
701 3312 957 3405 subtraheret,
985 3313 1103 3386 fidelis

125 3438 281 3510 ecelesiae
296 3462 381 3509 oum
396 3437 498 3508 omni
514 3433 709 3506 devotione
724 3457 931 3504 mansurus.
950 3435 1030 3505 Hoc
1049 3459 1103 3506 ve·

124 3584 166 3630 ro
178 3562 327 3632 irritum
347 3559 500 3650 faciens,
520 3569 644 3654 postea
659 3555 705 3628 ab
723 3553 924 3627 insolentiis
940 3581 1015 3627 non
1031 3579 1105 3628 oes-

119 3683 228 3761 savit.
250 3679 322 3754 Sed
345 3679 458 3780 paulo
478 3691 580 3777 post,
600 3703 666 3776 per
687 3678 977 3752 misericordiam
1004 3680 1100 3770 Dei,

127 3819 243 3875 morte
254 3806 463 3902 correptus,
482 3803 522 3872 in
538 3804 617 3900 ipso
632 3814 753 3873 tamen
769 3804 963 3895 cimiterio,
983 3803 1103 3872 multo

125 3949 277 3998 suorum
290 3940 461 4027 precatu,
480 3923 544 3996 sed
562 3927 743 3998 nesciente
760 3929 952 4026 episcopo,
969 3938 1103 4000 tumn-.-

123 4047 236 4124 tatur.
257 4049 367 4142 Quod
390 4027 504 4150 quam
524 4047 705 4142 nefarium
722 4047 855 4142 fuerit,
879 4046 1005 4120 divina
1024 4045 1104 4118 ole-
