3088 4968
360 533 397 586 tt)
656 539 774 586 cuncis.
800 540 878 586 cau.
897 541 939 586 ur
962 539 1038 584 Arn.

358 701 465 776 Unde
486 728 572 776 cum
593 702 756 802 quodam
779 719 942 804 tempore
972 717 1233 797 reverteretur,
1256 707 1336 804 ipse

359 824 631 922 Ragnacharius
651 825 842 899 mundano
861 825 955 898 fastu
969 825 1169 924 superbus,
1193 841 1336 900 mutata

359 946 452 1038 lide,
477 951 511 1020 ei
539 949 639 1022 urbis
672 952 873 1046 ingressum
899 949 1058 1045 negavit.
1086 949 1156 1020 Hic
1183 964 1336 1048 propter

360 1069 621 1144 obscenitatem
647 1097 794 1142 morum
830 1085 866 1142 et
896 1069 1148 1162 insolentiam,
1174 1073 1336 1144 Francos

360 1192 429 1264 sibi
443 1190 612 1265 adversos
626 1193 777 1285 fecerat,
794 1195 949 1264 maxime
956 1217 1024 1292 pro
1038 1216 1081 1262 eo
1099 1190 1201 1290 quod
1218 1192 1338 1266 effi'ae-

362 1317 418 1388 nis
438 1316 477 1386 in
493 1314 657 1406 luxuria,
679 1341 835 1388 venereo
857 1312 950 1386 adeo
966 1313 1129 1388 fervebat
1142 1313 1334 1410 incendio,

361 1451 405 1512 ut
421 1461 526 1509 neca
546 1440 684 1510 civium
705 1463 773 1510 nee
795 1439 1094 1537 propinquorum
1117 1438 1339 1535 conjugibus

362 1583 443 1630 suas
472 1562 731 1658 comprimeret
752 1559 983 1659 cupiditates.
1015 1561 1105 1652 Quae
1129 1558 1280 1658 quidem
1303 1563 1338 1633 ei

363 1678 508 1752 lethalis
529 1682 628 1752 exitii
645 1707 753 1754 causa
771 1684 901 1753 extitit.
923 1683 1015 1753 Nam
1045 1679 1261 1788 hujusmodi
1281 1682 1339 1755 sa-

364 1827 466 1876 moso
496 1802 660 1876 ludibrio
693 1807 827 1878 Franci
857 1803 1017 1893 efferati,
1049 1827 1173 1876 causas
1204 1805 1340 1903 quibus

364 1928 441 2022 regi
475 1928 627 1998 exitium
669 1941 875 1998 maturetur
916 1939 1102 2018 nectunt,
1145 1949 1340 1999 commen-

365 2059 519 2148 tumque
548 2047 768 2147 proditionis
801 2046 987 2120 Clodoveo
1015 2050 1091 2145 regi
1117 2047 1337 2144 significant.

365 2173 437 2264 Qui
451 2176 636 2272 promissis
656 2171 862 2274 proditores
881 2195 1142 2270 corrumpens,
1159 2171 1341 2245 subaerato

251 2369 257 2384 ,
365 2293 492 2368 fefellit
513 2321 618 2366 auro.
642 2299 767 2367 Pactio
781 2293 860 2366 haec
874 2294 964 2384 fuit,
983 2308 1025 2365 ut
1040 2317 1162 2390 regem
1177 2291 1342 2367 hostibus

366 2417 592 2511 congressuri
625 2413 843 2488 desererent.
872 2419 1026 2513 Sumpta
1049 2417 1173 2512 itaque
1197 2414 1243 2490 de
1269 2419 1342 2488 suis

368 2535 1341 2634 manuvalida,ClodoveusadversumRagnaeharium

368 2659 484 2730 movit
506 2662 717 2732 exercitum.
746 2664 818 2752 Qui
840 2675 875 2732 et
903 2663 979 2758 ipse
1003 2659 1142 2733 directa
1162 2663 1238 2732 acie
1267 2663 1343 2757 regi

368 2806 557 2854 occurrere
575 2796 693 2880 parat.
708 2773 825 2855 Missis
842 2785 965 2882 itaque
986 2782 1275 2882 exploratoribus
1295 2781 1343 2854 ad

368 2904 697 3003 contemplandum
719 2908 917 2979 exercitum
942 2904 1137 2992 Clodovei,
1171 2929 1247 2974 non
1275 2900 1345 2975 ad-

367 3029 476 3098 vertit
491 3025 620 3098 dolum
636 3030 880 3118 nunciorum,
895 3029 961 3125 qui
978 3025 1124 3098 factiose
1138 3027 1215 3122 regi
1232 3023 1343 3097 auda·

368 3148 461 3218 ciam
476 3173 518 3219 ex
533 3148 733 3247 majoribus
745 3151 860 3247 copiis
873 3145 1107 3219 suscitabant.
1123 3143 1345 3244 Hujusmodi

368 3284 473 3342 erant
492 3270 603 3343 verba
627 3274 871 3363 nunciorum,
895 3295 980 3343 cum
1004 3282 1184 3367 quaereret
1206 3267 1343 3341 abeis:

370 3395 435 3492 (1)
469 3395 530 3466 cui
554 3397 731 3468 exercitus
769 3393 899 3466 fortior
929 3391 1202 3465 comitabatur:
1233 3389 1344 3484 Tibi,

369 3518 566 3614 inquiunt,
598 3530 737 3613 tuoque
771 3517 921 3586 Faroni.
955 3515 1103 3586 Nescius
1126 3514 1203 3612 ipse
1222 3510 1348 3585 dolose

370 3637 517 3728 fictum,
548 3653 700 3736 propter
725 3639 907 3710 Faronem
932 3635 1181 3710 consiliarium
1213 3661 1344 3727 suum,

370 3785 481 3858 quem
503 3759 563 3832 ille
596 3759 734 3855 solum,
758 3759 976 3859 posthabitis
996 3759 1246 3858 palatinorum
1266 3759 1348 3858 pri-

407 3965 440 4031 (l
454 3968 464 4032 )
487 3975 534 4017 Les
551 3973 618 4017 muts
635 3969 679 4037 qui
689 3967 809 4036 factiose.
823 4005 829 4018 .
843 4004 849 4018 .
859 3966 962 4046 jprqu't
981 3967 1015 4017 olr
1036 3968 1085 4026 eis,
1098 3965 1307 4034 marqueutdens
1319 3963 1344 4015 le

373 4067 418 4112 lte.
438 4062 470 4112 de
492 4061 594 4114 tolnae.
