2932 4974
340 591 395 642 994
641 591 759 636 cultolt.
780 589 858 636 esti.
876 591 918 632 ΕΤ
935 588 1011 635 ΛΤΒ.

339 758 541 848 eminebat,
564 771 607 826 ut
627 755 673 828 ab
697 781 740 828 eo
761 754 880 842 omnis
913 766 1035 824 nostra
1058 754 1180 848 regio,
1205 755 1326 824 etiam

339 904 455 978 usque
484 881 522 946 in
552 901 727 974 praeseus,
746 875 900 970 ¹Belgica
933 871 1128 946 diceretur.
1149 875 1208 966 ,ln
1235 875 1325 944 vieo

339 1003 470 1092 etiam,
502 1025 614 1096 queru
649 997 776 1068 dieunt
804 993 1169 1084 Hasnum,·abbatia
1195 993 1324 1066 fuerat

340 1122 469 1220 regalis
497 1121 606 1211 olim,
625 1133 742 1230 atque,
759 1116 953 1207 ditissima,
989 1114 1054 1186 ubi
1088 1142 1130 1210 ex
1158 1119 1322 1188 maxima

341 1256 444 1340 parte
459 1243 692 1339 requiescunt
707 1262 860 1335 corpora
867 1239 926 1308 SS.
937 1237 1140 1325 Marcellini
1154 1252 1191 1308 et
1203 1241 1320 1312 Petri.

343 1365 450 1434 Nunc
465 1376 587 1462 autern
606 1361 793 1460 degeneris
816 1361 938 1436 sreculi
954 1359 1125 1436 moribus
1152 1361 1288 1432 vitiatis
1308 1412 1320 1446 ,

343 1483 408 1588 uhi
426 1459 532 1576 tunc,
548 1483 667 1570 elerici
686 1486 794 1580 pauci
809 1481 1039 1572 deserviunt,
1063 1479 1266 1569 desolatam
1284 1493 1324 1552 et

344 1607 492 1702 inopem
507 1603 759 1692 copdolemus.
849 1680 852 1688 ,

630 1816 788 1998 dap,
843 1867 1020 1944 xvrrr.
1116 1877 1120 1884 ·

719 2127 756 2166 nu
772 2094 938 2168 'uspersus

343 2299 470 2408 Arar>
484 2335 611 2406 villam
626 2357 775 2431 quoque
790 2331 1012 2426 Marcenias,
1031 2337 1135 2432 virgo
1151 2337 1220 2410 Dei
1234 2339 1325 2434 glo-

342 2460 438 2529 riosa
457 2455 659 2545 Rictrudis,
689 2481 731 2528 ex
752 2457 910 2553 propriis
930 2455 1062 2556 opibus
1084 2471 1119 2530 et
1139 2457 1320 2556 praediis,

344 2577 495 2650 consilio
519 2581 554 2648 S.
578 2575 756 2670 Amapdi,
780 2581 845 2674 qui
861 2592 950 2651 tunc
970 2584 1143 2678 temporis
1165 2583 1323 2676 insignis

344 2697 570 2788 habebatur,
588 2701 851 2786 monasterium
864 2703 1014 2792 struxit,
1033 2701 1099 2773 ubi
1116 2702 1324 2772 sanctimo-

344 2820 504 2896 nialibus
518 2817 566 2893 ad
583 2817 817 2904 serviendum
828 2819 1013 2916 delegatis,
1030 2823 1107 2920 ipsa
1121 2824 1232 2904 etiam
1247 2821 1323 2892 ab-

344 2927 476 3009 batissa
491 2937 651 3008 habenas
662 2939 849 3032 regiminis
866 2937 1054 3014 moderata
1067 2934 1132 3012 est.
1152 2945 1196 3012 ln
1211 2943 1322 3037 cujus

344 3057 419 3127 vita
430 3056 657 3154 plurimum,
673 3068 710 3126 et
725 3070 806 3152 post
826 3060 939 3130 vitam
959 3061 1233 3157 aliquantulum
1256 3085 1323 3132 re-

342 3157 435 3276 ligia¹
457 3178 570 3276 crevit
584 3163 596 3266 ¹,
624 3167 783 3273 ususque
816 3178 1073 3252 ecclesiasticus
1101 3180 1322 3276 regulariter

344 3292 516 3387 adolevit.
535 3297 676 3370 Saeculo
700 3311 823 3370 autem
842 3323 1004 3396 semper,
1027 3314 1071 3370 ut
1083 3298 1260 3391 diximus,
1279 3305 1321 3373 iu

339 3414 503 3510 ⁸deterius
524 3421 671 3506 vitiato,
689 3421 852 3513 ipsarum
867 3423 977 3494 etiam
996 3421 1205 3518 puellarum
1223 3421 1321 3494 ordo

341 3539 464 3609 vitiari
481 3550 516 3606 et
531 3537 724 3633 depravari
745 3554 920 3636 coeperat.
946 3543 1104 3638 Jamque
1128 3526 1244 3637 magis
1276 3569 1322 3616 ac

344 3659 458 3752 magis
480 3653 699 3754 depravatus
729 3675 807 3750 rpus
840 3663 880 3730 in
910 3661 1080 3759 degeneri
1106 3666 1322 3760 posteritate

343 3779 517 3874 usquein
548 3802 706 3874 praesens
732 3763 943 3854 duraverat,
970 3785 1096 3882 Nuper
1122 3807 1210 3856 rem
1237 3787 1321 3882 jam

338 3895 462 3992 ¹dictus
487 3897 598 3970 abbas
617 3897 858 3992 Leduwinus,
881 3902 1047 3974 Gerardo
1065 3906 1258 4002 episcopo,
1284 3923 1323 3978 et

341 4015 555 4117 marchione
572 4015 753 4092 Balduiuo
770 4023 1034 4121 satagentibus,
1058 4021 1211 4130 feminas
1234 4037 1328 4108 tur-s,
