2906 4970
368 547 426 606 352
602 555 673 602 ner.
694 555 792 602 rnron
808 555 850 602 au
873 555 1093 604 ceronnam.

367 723 544 815 eontulit,
562 724 672 794 etiam
689 719 799 794 horas
819 723 861 791 Β.
881 723 1008 794 Mariae
1022 724 1060 794 in
1075 739 1264 798 conventu
1283 751 1345 801 ea-

367 845 589 916 nonieorum
617 845 759 942 primus
784 840 972 916 decantari
998 843 1214 920 elaboravit.
1239 846 1344 921 Unde

366 967 416 1042 ad
433 970 586 1043 meliora
601 983 769 1061 vocatus,
789 971 829 1040 in
849 967 1061 1068 supradicta
1081 971 1234 1046 ecelesia
1249 969 1344 1046 diem

365 1118 441 1166 suae
455 1093 729 1166 resurrectionis
742 1115 891 1165 securus
908 1105 1085 1190 expectat.

415 1215 559 1286 Tertius
576 1212 647 1285 fuit
660 1213 708 1285 D.
725 1212 888 1304 Alvisus,
905 1209 1096 1310 quondam
1112 1213 1294 1311 professus
1306 1217 1338 1287 S.

367 1340 527 1431 Bertini,
542 1363 675 1437 genere
691 1337 925 1434 Flamingus,
955 1335 1067 1409 abbas
1091 1341 1344 1436 Aquicineten·

368 1463 435 1553 sis,
451 1463 559 1560 eujus
579 1460 890 1558 magnanimitatis
916 1482 1033 1557 usque
1056 1461 1097 1530 in
1122 1457 1342 1534 hodiernum

368 1580 467 1656 diem
489 1595 722 1682 perseverant
739 1581 911 1677 insignia.
932 1579 1003 1652 Sed
1026 1583 1066 1652 in
1087 1583 1148 1655 via
1166 1580 1341 1656 Jherusa-

366 1703 441 1776 lem
463 1703 676 1797 defunctus,
706 1701 809 1802 apud
838 1701 1130 1803 Philippopolim
1155 1706 1343 1803 requiescit

367 1825 546 1927 sepultus.

414 1950 463 2022 D.
477 1945 741 2040 Godescaldus,
757 1949 1103 2046 generelebatinus
1118 1953 1201 2049 (sie)
1208 2005 1223 2040 ,
1236 1951 1340 2026 abbas

369 2069 417 2146 de
426 2073 553 2146 Monte
566 2074 601 2144 S.
618 2070 847 2164 Martini,illi
859 2075 1342 2173 quartusepiscopussueces·

367 2197 435 2289 sit,
451 2197 509 2269 vir
521 2197 561 2266 in
582 2193 897 2290 eleemosynarum
912 2193 1106 2292 largitione
1125 2197 1340 2295 probatissi-

366 2343 463 2410 mus,
482 2319 561 2417 qui,
580 2331 661 2416 post
673 2318 729 2389 sui
742 2317 971 2415 episcopatus
988 2319 1291 2415 resignationem,
1305 2322 1339 2390 in

367 2439 1339 2539 multapatientiapropriieorporissustinensdolores,

367 2564 407 2634 in
419 2561 567 2636 eeclesia
578 2563 614 2634 S.
623 2561 774 2634 Martini
790 2557 893 2657 apud
902 2557 1129 2633 Laudunum
1143 2561 1336 2652 clavatum,

370 2683 437 2758 ubi
454 2685 556 2784 prius
573 2680 838 2783 professionem
856 2680 1008 2774 iecerat,
1035 2683 1075 2754 in
1096 2681 1245 2758 Christo
1261 2681 1342 2756 dor-

370 2809 507 2900 miens,
522 2807 663 2904 gremio
676 2830 751 2878 suae
766 2805 892 2876 matris
906 2805 1182 2904 complectitur.

418 2933 503 3001 Post
531 2930 635 3027 cujus
664 2926 873 3019 discessum,
888 2928 936 3000 D.
954 2925 1131 3020 Andreas,
1159 2931 1341 3001 nativitate

370 3053 597 3144 Parisiensis,
614 3049 726 3126 abbas
743 3049 790 3124 de
804 3053 944 3147 Saramy
959 3052 998 3120 in
1013 3047 1144 3122 ordine
1159 3048 1340 3126 clareval-

368 3175 479 3270 lensi,
496 3175 653 3250 ecclesiae
667 3177 832 3274 reginem
856 3177 1026 3273 suscepit.
1048 3171 1119 3246 Sed
1142 3187 1225 3272 post
1248 3171 1340 3244 mul-

370 3313 424 3374 tos
436 3299 579 3373 labores
592 3296 750 3372 reddens
767 3311 874 3370 terrae
889 3293 993 3397 quod
1006 3321 1116 3368 suum
1132 3309 1206 3387 est,
1228 3297 1268 3368 in
1281 3319 1338 3368 su-

367 3425 627 3523 pranominata
661 3422 731 3494 Dei
763 3421 949 3519 genitricis
984 3417 1136 3494 eeclesia
1174 3415 1338 3496 manibus

369 3569 522 3618 suorum
537 3541 668 3618 devote
683 3555 736 3620 est
751 3526 967 3618 tumulatus.

416 3669 502 3740 Post
515 3665 622 3738 illum
635 3666 683 3738 D.
700 3664 917 3759 Rotbertus,
933 3665 1092 3738 Ariensis
1106 3665 1335 3765 praepositus,

367 3789 1036 3889 genereKarnotensis,soloelectionis
1047 3787 1155 3860 titulo
1163 3787 1334 3874 militaus,

367 3912 555 3988 eeclesiam
578 3909 725 3986 duobus
743 3911 818 3988 fere
843 3914 968 4005 annis,
987 3911 1125 4010 absque
1145 3909 1336 4011 pontifics-

367 4033 462 4110 lium
475 4035 722 4132 exhibitione,
747 4039 908 4114 tenuisse
934 4033 1152 4112 dinoscitur.
1175 4037 1337 4110 Postmo-
