3088 4968
554 577 657 628 men
672 576 801 624 PRIMUS.
1131 573 1169 628 33

188 745 294 824 matie
307 740 459 816 vinculo
473 737 689 832 innodavit,
707 742 824 824 immo
838 743 949 814 etiam
964 754 1085 812 exerta
1099 744 1173 814 im«

186 865 419 964 precatione,
441 875 484 934 ut
502 863 614 959 signis
635 860 837 934 fatentibus
856 862 985 935 saltem
1005 876 1169 958 posteros

188 1011 265 1061 non
278 987 433 1077 lateret,
447 985 621 1060 obtinuit.
639 988 720 1059 Hoc
735 984 849 1060 modo
868 1011 976 1076 eane,
999 999 1041 1056 ut
1061 989 1091 1058 ei
1112 989 1169 1068 vir

188 1122 304 1200 atet,
322 1105 494 1196 claudus,
510 1107 568 1180 vel
584 1106 754 1205 quolibet
770 1104 884 1186 modo
899 1103 1031 1178 debilis
1044 1106 1168 1182 fieret:

189 1233 222 1302 ei
241 1230 408 1320 faemina,
430 1229 521 1302 vitio
540 1225 644 1325 quod
662 1228 774 1326 vulgo
794 1226 951 1300 dicimus
971 1231 1170 1326 gutteriam

187 1377 335 1450 temper
364 1375 441 1424 non
469 1363 622 1424 careret.
655 1353 703 1422 Et
735 1349 808 1424 hoe
844 1350 1013 1424 mirabile
1043 1349 1166 1446 dictu,

189 1497 354 1570 namque
368 1497 516 1545 omnem
530 1475 647 1570 ipsam
664 1474 880 1570 progeniem
897 1470 978 1544 haeo
997 1475 1048 1545 ita
1067 1489 1172 1573 poet-

187 1625 233 1674 ea
251 1597 389 1670 babere
407 1596 503 1670 liber
517 1599 594 1696 ipse
605 1597 754 1672 fatetur.
770 1595 879 1670 Unde
889 1595 1004 1670 datur
1016 1599 1173 1699 intelligi

187 1721 314 1792 virum
328 1718 468 1791 altioris
481 1721 606 1792 meriti
619 1723 796 1794 extitisse..
811 1723 900 1792 Fuit
916 1734 1043 1794 autem
1063 1721 1170 1818 huic,

188 1839 391 1930 atterunt,
413 1837 599 1937 praedium
618 1838 721 1940 quod
738 1842 915 1914 Martinus
929 1840 1091 1936 dicitur,
1113 1842 1172 1916 fa-

188 1962 304 2036 miliis
324 1957 477 2060 quidem
495 1976 533 2033 et
550 1963 661 2036 rebus
681 1963 906 2038 circumfluis
926 1963 1173 2063 locupletissi-

191 2111 320 2178 mum,
332 2081 384 2156 de
402 2106 479 2182 quo
492 2084 563 2156 Dei
575 2087 761 2180 genitricis
776 2085 968 2160 eeclesiam
986 2083 1173 2160 haeredem

194 2204 348 2298 fecerat,
378 2202 444 2278 sed
463 2205 646 2277 nescimus
667 2229 742 2304 qua
770 2227 896 2297 cauea,
924 2205 994 2279 niai
1022 2203 1174 2280 infesta-

195 2326 295 2398 tione
321 2322 572 2426 pagano'rum,
600 2327 773 2399 amiserit.
799 2327 869 2404 Hie
888 2328 1172 2425 superveniente

191 2446 254 2522 die
270 2474 346 2521 suae
364 2447 585 2538 vocationis,
601 2449 642 2520 in
654 2445 785 2522 eodem
798 2473 914 2548 pago,
932 2447 1021 2522 vitta
1033 2447 1174 2522 videli-

192 2585 251 2646 eet
264 2582 379 2669 quam
391 2569 471 2642 loci⁴
481 2567 705 2646 habitatores
725 2573 822 2644 Ham
839 2569 989 2662 dicunt,
1012 2568 1174 2646 defune-

191 2707 266 2784 tus,
275 2694 477 2789 migrauita
489 2690 633 2764 mundo
643 2745 653 2784 ‚
663 2692 827 2792 illucque
835 2692 1014 2791 sepultus.
1028 2691 1174 2766 Deinde

192 2813 242 2900 ad
256 2815 440 2886 ,Martinae
456 2810 683 2911 deportatus.
705 2817 833 2886 Postea
852 2837 940 2888 vero
961 2809 1010 2884 ad
1024 2810 1170 2884 Metho-
1244 2903 1253 2915 ι

196 2935 302 3008 dium
324 2933 539 3026 translatus,
558 2934 687 3034 ibique
703 2961 805 3010 nune
822 2928 1030 3034 quiescens,¹
1048 2957 1174 3008 resur-

195 3058 367 3132 rectionis
387 3053 489 3130 diem
502 3069 679 3158 expectat.

491 3275 658 3456 (dap.
710 3329 876 3416 xvn.

551 3565 593 3608 nn
611 3566 633 3607 ⁸.
653 3563 819 3610 ΑΠ’ΒΙΙΝ-

197 3759 311 3869 Pur
336 3785 440 3862 hune
456 3786 496 3856 in
512 3781 597 3858 aede
617 3781 823 3884 pontificali
839 3783 882 3854 Β.
904 3786 1073 3858 encoeeeit
1084 3787 1181 3858 Aut-r

195 3909 344 4004 bertus,
366 3912 424 3984 vir
441 3910 607 4008 egregius
627 3921 664 3979 et
682 3909 768 3981 vitae
783 3909 916 3980 merito
935 3909 1188 4006 oonepieuue,

196 4031 429 4136 temporibus
454 4029 675 4131 Dagoberti,
705 4033 799 4132 regis
825 4031 1069 4104 Francorum.
1103 4030 1177 4124 Qui

886 4221 891 4228 .
1007 4153 1031 4230 3
