3044 4968
372 467 1242 512 .;...„....—-------———2--—-—-—
1255 489 1362 506 ...-

668 541 787 588 crinon.
809 539 887 586 (llll.
910 539 953 584 ΒΤ
970 539 1047 584 m.

371 733 433 782 rex
462 706 754 805 metropolitanis
786 704 889 801 regni
922 681 984 774 sui
1013 701 1153 774 litteras
1188 705 1357 798 miserit,

372 832 587 930 praecipiens
600 843 643 902 ut
655 811 888 927 coepiscopos
902 851 985 899 suos
1000 824 1049 898 ad
1062 823 1218 897 eandem
1235 829 1359 900 eovo-'

373 967 499 1027 carent
521 951 720 1050 synodum.
751 956 843 1023 Item
857 975 926 1058 pro
946 965 1050 1048 parte
1066 947 1219 1023 decimae
1238 975 1359 1049 quam

373 1061 442 1152 sibi
459 1076 705 1175 significatum
723 1074 843 1148 fuerat
861 1073 907 1146 ab
925 1076 1078 1172 antiqua
1097 1075 1197 1170 regia
1211 1073 1358 1172 capella

375 1200 498 1274 tulisse
515 1211 552 1271 et
566 1199 671 1270 alteri
698 1223 812 1296 quam
837 1171 981 1270 noviter
1001 1211 1223 1289 sacraverat,
1241 1195 1358 1268 addi-

377 1309 483 1396 disse.
509 1320 637 1415 Quod,
661 1323 750 1420 quia
769 1333 898 1393 eontra
915 1320 1058 1417 regulas
1079 1333 1188 1412 esset,
1220 1345 1356 1394 emen-

378 1445 483 1538 dare,
516 1447 546 1517 si
568 1447 614 1516 sit
639 1457 781 1536 aetum,
814 1439 955 1514 suadet.
985 1445 1077 1514 Item
1097 1467 1166 1543 pro
1187 1441 1354 1542 quodam

381 1569 592 1669 presbytero
611 1570 677 1666 qui
695 1565 744 1638 ad
768 1564 892 1638 sedem
908 1568 1123 1638 llemeusem
1145 1567 1358 1666 proclama·-

377 1705 498 1800 verat,
526 1688 783 1802 praejudieium
810 1713 847 1760 se
874 1691 952 1787 pati
979 1701 1128 1786 questus
1156 1689 1204 1762 ab
1222 1690 1354 1764 eodem

378 1813 533 1912 praesule
550 1839 636 1906 suo,
656 1811 857 1886 interdicto
873 1811 943 1883 sibi
960 1835 1045 1884 oum
1069 1811 1179 1884 rebus
1194 1817 1278 1888 -suis
1293 1814 1358 1885 os-

377 1937 463 2010 ficio
483 1945 632 2036 quoque
658 1932 893 2026 sacerdotali,
923 1959 991 2006 nee
1013 1949 1144 2034 sponte
1170 1935 1353 2028 confesso,

336 2105 341 2114 .
378 2086 447 2136 nec
464 2060 680 2159 regulariter
700 2060 888 2151 convicto,
908 2083 977 2156 pro
998 2057 1163 2131 tumultu
1180 2073 1216 2130 et
1231 2057 1358 2130 homi-

378 2182 476 2258 cidio
504 2195 735 2282 perpetrato,
760 2181 827 2252 ubi
864 2180 1097 2274 interfuerat,
1126 2197 1162 2254 et
1192 2184 1355 2276 invitus,

379 2321 501 2398 arma,
519 2302 753 2377 defendendo
771 2327 825 2388 se,
843 2319 1068 2400 sumpseram
1091 2304 1359 2404 hominemque

378 2429 648 2519 vulneraverat,
661 2451 738 2498 non
753 2439 875 2497 tamen
887 2449 973 2498 eum
987 2429 1053 2526 qui
1068 2431 1206 2502 occisus
1219 2427 1356 2500 fuerat.

372 2525 421 2624 lu
437 2551 573 2650 quibus
599 2547 728 2620 litteris
755 2546 914 2620 ostendit
931 2575 974 2622 ex
989 2554 1205 2624 auctoritate
1232 2575 1358 2645 saera,
1380 2625 1385 2630 .

379 2672 473 2773 quid
489 2671 717 2745 discretionis
738 2674 777 2742 in
798 2662 1014 2770 hujusmodi
1033 2676 1079 2745 sit
1099 2698 1206 2772 eausa
1226 2689 1364 2748 tenen-

381 2794 494 2890 dum,
514 2808 640 2896 etquae
652 2817 839 2868 sacrorum
854 2819 1040 2868 canonum
1055 2798 1130 2869 sint
1143 2795 1364 2871 adhibenda

383 2918 556 3016 capitula.
576 2918 709 2993 Scribit
725 2915 774 2989 ad
791 2915 953 2990 eundem
977 2931 1014 2990 et
1033 2919 1104 2991 alia
1121 2917 1306 3019 quaedam.
1324 2983 1330 2994 .

704 3105 865 3286 dap.
936 3155 1037 3230 sn.

384 3351 570 3396 rnncrrrorr
595 3357 687 3398 surra
712 3357 915 3396 nossessiones
942 3356 1016 3407 Quas
1031 3357 1063 3397 m
1079 3357 1157 3399 raso
1180 3355 1355 3398 conruens:

657 3435 780 3476 sarsore
794 3435 898 3476 uraris
912 3436 1087 3486 snounrvrr.

383 3613 479 3721 Hic
498 3642 686 3716 Jolrannes
702 3649 940 3745 possessiones
953 3651 993 3721 iu
1010 3675 1107 3749 pago
1123 3651 1358 3744 Coudrense,

384 3767 420 3838 S.
436 3767 506 3838 Dei
530 3770 655 3838 matris
672 3769 829 3842 eeclesiae
850 3797 872 3842 a
892 3770 1056 3873 quodam
1081 3773 1270 3849 Machario
1287 3773 1365 3846 ad-

384 3891 551 3988 quisivit,
568 3893 812 3966 conventione
832 3891 985 3993 quidem
1005 3897 1155 3970 interae
1171 3872 1267 3974 faeta
1285 3895 1368 3970 hu·-

379 4008 544 4110 jusmodi
562 4025 598 4086 et
618 4015 755 4115 scripto
775 4029 986 4120 precepto:
1014 4021 1106 4094 Bene
1125 4021 1276 4114 possidet
1301 4019 1367 4094 itte
