2906 4970
522 629 616 674 amun
637 629 786 676 Turnus,

496 881 656 1064 (dap.
717 931 838 1010 le.

132 1215 137 1226 ·
161 1191 311 1237 urtsrous
323 1195 488 1238 ΙΟΝΠΟΜΛ
507 1197 545 1236 ΕΤ
565 1198 791 1242 DEPlthA'l'offl
809 1201 940 1245 emaum
955 1203 1087 1247 EPlthtll’l
1106 1208 1145 1250 ΑΒ

444 1275 594 1318 nunctum
611 1277 645 1316 111
663 1277 892 1322 mnarum..

162 1461 314 1576 Dourro
335 1509 373 1574 ll.
398 1515 602 1597 Augustorum
625 1518 834 1594 serenissimo,
862 1514 901 1577 G.
930 1521 1145 1602 opiscoporum

140 1695 148 1702 ..
161 1617 308 1693 ultimus,
325 1632 354 1680 et
366 1641 523 1682 servorum
536 1619 593 1682 Dei
604 1639 708 1684 servus
721 1668 729 1697 ‚
741 1625 824 1702 pacis
834 1633 864 1684 et
874 1622 978 1685 salutis
988 1639 1144 1707 perpetue

161 1723 285 1786 munusss
302 1722 435 1786 Peccatis
448 1728 525 1786 meis
538 1725 597 1786 hoe
610 1737 737 1804 reputo,
759 1737 793 1786 ut
814 1725 956 1788 solatium
973 1727 1146 1809 qualecun-

162 1848 236 1909 que,
248 1828 333 1909 quod
343 1830 422 1890 mihi
436 1833 499 1890 seni
508 1832 572 1909 jam
585 1832 663 1892 fesso
678 1830 717 1892 de
730 1830 817 1892 vobis
831 1829 894 1892 hue
906 1853 1003 1912 usque
1013 1836 1147 1915 promit÷

162 1932 285 2006 tebam,
300 1936 332 1993 in
345 1936 413 1996 vitre
424 1947 560 2016 ternpore
570 1936 679 1997 ultimo
690 1935 873 1997 subtraxerit
884 1934 982 2010 Deus,
998 1957 1060 1998 non
1070 1958 1145 2014 vos,

163 2040 212 2097 cui
223 2039 404 2100 incessanter
418 2061 519 2119 pecco.
547 2039 682 2100 Breviter
699 2053 803 2099 tamen
823 2039 884 2100 hoc
899 2041 1005 2101 restris
1021 2041 1147 2102 auribus

162 2162 306 2224 suggero,
323 2144 448 2224 quiade
463 2143 608 2205 fidelitate
623 2143 787 2218 servanda,
810 2142 849 2203 ad
869 2147 1039 2205 communis
1058 2147 1146 2228 regni

163 2257 294 2323 statum,
312 2249 395 2329 apud
408 2269 462 2310 vos
475 2252 508 2308 in
520 2247 609 2328 culpe
620 2269 681 2308 non
692 2247 817 2308 habeor.
831 2245 970 2329 Triginta
979 2269 1074 2311 annos
1084 2249 1148 2313 du-

163 2351 281 2426 cimus,
296 2374 360 2434 quo
380 2356 412 2414 in
433 2365 536 2415 nostra
563 2351 641 2413 urhe
664 2354 743 2414 inter
771 2354 948 2434 pagensium
972 2364 1147 2418 nostrorum

162 2455 279 2536 gladios
290 2460 431 2520 vivimus.
449 2458 568 2536 Quibus
582 2477 677 2540 quam
690 2454 789 2518 multa
802 2455 872 2518 data
883 2469 953 2518 sunt
965 2457 1005 2518 ab
1020 2456 1147 2522 ecclesia

163 2544 283 2638 nostra,
311 2563 488 2644 quotidiana
508 2561 741 2639 distributione,
768 2583 896 2644 quaeque
921 2562 961 2622 ab
982 2563 1093 2628 Ottone
1117 2577 1147 2628 et

164 2661 328 2742 Heinrico,
344 2667 420 2730 divae
442 2670 597 2730 memoriae
620 2667 759 2752 regibus,
783 2667 1052 2749 praedecessoribus
1069 2670 1147 2732 meis

164 2775 323 2856 episcopis,
337 2771 443 2832 collata
453 2771 530 2833 mihi
546 2775 649 2848 etiam,
660 2785 690 2832 et
704 2795 719 2837 a
736 2773 922 2852 patrimonio
933 2783 1003 2832 sunt
1013 2785 1144 2853 reperta,

163 2899 226 2938 non
237 2887 308 2938 sunt
318 2877 512 2960 suggerenda.
527 2877 566 2938 Et
580 2881 656 2939 sicut
666 2876 832 2939 liberalitas
846 2889 944 2940 vestra
955 2877 1147 2940 sacellarium

162 2981 342 3062 hubet,qui
364 2985 459 3043 causis
480 2982 760 3063 supervenientibus
783 2982 974 3064 quotidianas
999 3003 1146 3065 expensas

166 3085 267 3161 faciat,
276 3088 317 3146 ita
331 3099 362 3147 et
375 3107 430 3168 ego
441 3085 613 3149 sacellarius
624 3107 731 3149 eorum
749 3107 836 3162 sum,
851 3099 886 3148 ut
899 3087 1006 3150 dilatio
1020 3093 1143 3169 mortis,

165 3210 205 3250 ne
215 3189 316 3250 dicam
327 3192 395 3252 vitae
409 3193 529 3272 requies
547 3213 654 3252 eorum
665 3193 719 3271 qui
731 3209 853 3250 mecum
867 3185 936 3251 sunt
950 3195 1066 3274 acquiri
1091 3213 1149 3256 va-

166 3291 244 3372 leat,
257 3295 341 3377 quod
350 3300 434 3378 virga
444 3294 609 3376 disciplinae
624 3306 727 3356 vestrae
742 3293 893 3354 habuerat
902 3294 1011 3354 facere.
1029 3294 1069 3355 Et
1082 3295 1149 3357 haec

167 3402 270 3479 cujus,
286 3403 343 3462 nisi
353 3403 436 3484 regni
448 3401 559 3482 gratia?
582 3398 608 3458 E
624 3409 727 3458 contra
737 3395 897 3477 adgravata
907 3407 952 3457 est
962 3417 1071 3458 uranus
1081 3397 1148 3480 pla-

168 3521 212 3586 gre
224 3517 327 3564 vestrae
339 3525 429 3585 super
441 3527 512 3581 nos,
529 3502 651 3585 quando
665 3501 797 3582 parvitas
807 3511 909 3560 nostra
923 3502 1024 3561 minus
1038 3499 1150 3566 idonea

167 3621 211 3672 est
225 3608 330 3670 habita
343 3609 425 3689 apud
437 3631 501 3672 vos.
520 3608 585 3670 lloc
600 3623 702 3668 tamen
727 3604 853 3666 domino
868 3603 956 3682 dico,
979 3615 1014 3666 ut
1032 3605 1071 3667 de
1097 3625 1149 3672 me

166 3713 543 3796 malaquaelibetaestimet:
552 3711 591 3772 de
599 3709 727 3771 utilitate
735 3729 807 3770 rero
815 3713 1032 3790 etcausaquasi
1041 3713 1147 3792 provi·

167 3821 260 3880 sionis
270 3832 396 3893 nostrae,
411 3839 472 3878 non
484 3814 673 3897 quibuslibet
686 3817 751 3894 pias
765 3835 852 3874 aures
863 3814 1013 3894 praebeat,
1029 3815 1082 3876 sed
1096 3835 1149 3878 eos

167 3921 320 3998 consulat,
334 3921 446 4003 quibus
459 3941 531 4004 gens
552 3920 890 3999 etpatriaesteognita,
908 3917 1039 3997 plusque
1057 3913 1147 3977 utili-

168 4029 240 4103 tati,
256 4047 350 4108 quam
360 4028 543 4108 suggestioni
554 4023 664 4086 credat.
681 4021 746 4084 Nec
766 4037 869 4084 tamen
894 4023 982 4102 regiae
1010 4021 1148 4102 congruit

167 4151 302 4212 personae
315 4178 324 4212 ,
339 4135 565 4214 impugnatores
574 4129 719 4196 hactenus
729 4130 828 4212 pacis,
844 4123 1009 4189 familiares
1019 4123 1144 4206 babere,
