3044 4968
381 545 419 598 94
676 549 796 595 01111οΝ.
819 549 899 596 GU.
919 551 962 594 ΙΤ
984 549 1062 596 AT!-

253 742 259 752 ·
381 714 594 788 cere.Huno
606 709 933 784 etismHetilouem
944 713 1160 807 expetierat,
1175 725 1220 782 ut
1231 711 1282 783 ad
1293 715 1363 812 ip·-

381 857 463 908 sum
477 832 691 906 ooenobium
700 843 925 921 occurreret,
940 843 977 902 et
996 829 1140 904 tamdiu
1150 857 1240 906 oum
1251 853 1360 908 seoro

381 950 1356 1052 eomiureturcorpore,donooipseD.Fulooveniret‚

268 1107 279 1116 ·
380 1091 417 1149 et
430 1076 601 1150 decenter
617 1073 712 1148 illud
728 1077 910 1172 excipere,
927 1087 964 1144 et
982 1099 1099 1172 usque
1125 1074 1174 1148 ad
1191 1079 1358 1150 Remen-

377 1223 455 1274 sem
471 1199 608 1296 voleret
624 1197 758 1270 urbem
770 1194 975 1287 deducere,
993 1197 1060 1268 ubi
1077 1196 1222 1270 tamdiu
1233 1221 1359 1274 usva-

380 1339 501 1414 retur,
518 1341 711 1420 quousque
727 1343 818 1418 paee
831 1316 975 1390 reddite
985 1297 1092 1409 ,loco
1114 1324 1264 1419 proprio
1283 1325 1357 1434 ip-

381 1451 455 1520 sius
485 1444 664 1518 Hetilouis
689 1439 865 1540 parochia
891 1441 960 1516 sito
986 1443 1129 1520 restitui
1148 1457 1281 1542 posset.
1304 1449 1357 1516 At

377 1567 501 1639 Dolilo
523 1591 608 1637 oum
629 1561 812 1634 debuisset
835 1583 941 1658 ogere
964 1561 1067 1659 quod
1087 1561 1306 1660 petebatur,
1328 1591 1354 1637 e

377 1701 524 1777 ouum,
543 1685 730 1758 filiationis
742 1707 786 1756 ao
800 1683 1036 1756 fraternitatis
1055 1683 1266 1782 posthabite
1286 1687 1376 1758 re-'
1495 1689 1499 1696 ’

364 1811 563 1898 terentia,
579 1809 618 1878 in
637 1805 760 1878 medio
781 1829 976 1877 occurrens
997 1809 1083 1899 vise,
1107 1821 1143 1879 et
1160 1807 1207 1878 de
1227 1811 1354 1880 mani-
1396 1827 1401 1832 '

377 1929 447 2001 bus
462 1932 682 2026 gestantium
695 1940 862 2000 sonetum
876 1930 1011 2025 pignus
1026 1929 1230 2027 abripiens,
1246 1927 1352 2028 apud

376 2075 414 2123 se
431 2052 594 2149 reposuit
608 2048 750 2122 dicens:
773 2073 848 2121 nou
866 2049 961 2120 illud
978 2075 1015 2122 se
1028 2053 1203 2150 cuiquam
1220 2049 1350 2124 reddi·-

377 2187 524 2263 turum,
542 2175 611 2244 nisi
625 2171 747 2244 eidem
763 2171 927 2242 Hetiloni
946 2175 985 2242 in
1005 2173 1111 2270 eujus
1131 2170 1350 2274 diuosoebs-

377 2309 439 2366 tur
465 2294 641 2392 parochia
667 2295 776 2364 fuisse
802 2291 1033 2390 depositum
1064 2293 1197 2368 etheo
1223 2296 1348 2392 ipsum

376 2439 481 2489 novoe
506 2413 646 2488 nuudis
670 2427 887 2512 argumento
911 2411 1075 2513 gessisse,
1108 2441 1183 2515 quo
1209 2415 1350 2489 valeret

374 2535 568 2636 praefutum
583 2557 715 2635 eorpus
728 2561 871 2608 suerum
897 2535 1045 2608 ouidom
1065 2536 1262 2610 Huobo‘ido
1280 2559 1348 2608 oo-

375 2659 456 2730 miti
482 2657 638 2731 tradere.
663 2659 843 2749 Quocirca
864 2661 973 2754 petiit
993 2657 1096 2730 huno
1116 2659 1343 2750 Hetilonem,
1379 2691 1386 2696 ·

373 2793 416 2853 ut
429 2783 579 2854 missum
592 2801 701 2852 suum
724 2777 772 2851 od
790 2804 876 2852 eum
897 2777 1050 2877 dirigat,
1074 2795 1111 2852 et
1128 2794 1282 2878 paterno
1302 2803 1348 2850 rc

370 2903 531 2975 fraterno
545 2925 669 2974 rmore
683 2905 805 3000 ipsum
819 2899 1041 3000 redarguens
1053 2903 1231 3000 corriget,
1250 2917 1287 2974 et
1304 2903 1346 2974 iu
1425 2927 1432 2934 ·

372 3027 589 3096 memorium
604 3027 637 3096 ei
652 3035 816 3116 revocet,
832 3023 1021 3121 quomodo
1038 3025 1223 3122 religionis
1235 3021 1347 3097 solius

372 3159 409 3216 ot
427 3143 533 3238 fidei,
550 3153 663 3245 quam
684 3147 723 3215 in
746 3171 791 3216 eo
809 3143 888 3217 fore
907 3143 1098 3237 credebat,
1119 3147 1274 3235 iutuitu,
1294 3143 1346 3214 il-

370 3265 449 3338 lum
461 3267 601 3368 absque
615 3269 708 3365 regis
721 3281 786 3339 aut
801 3269 980 3366 principis
999 3266 1154 3364 alicujus
1173 3277 1344 3365 expecu-

370 3391 489 3481 tione,
515 3393 554 3462 iu
573 3389 657 3463 tede
682 3387 885 3490 pontifiouii
907 3389 1100 3480 locaverit,
1123 3399 1347 3486 moneatque

228 3499 235 3514 ⁶
369 3527 412 3584 ut
426 3537 447 3582 a
464 3527 588 3609 coepta
602 3517 803 3584 temeritate
817 3509 950 3609 pedem
964 3526 1127 3604 revooet,
1144 3535 1190 3582 ue
1202 3507 1345 3608 aliquid

369 3629 471 3704 hunc
484 3631 645 3705 eundem
659 3632 975 3734 archiepisoopum
993 3647 1124 3706 contra
1150 3659 1211 3724 se,
1241 3628 1346 3731 quod

368 3750 467 3824 idem
484 3753 597 3847 nolit,
609 3779 719 3856 ¹ogere
735 3754 946 3853 compellet.
963 3757 1073 3828 Hunc
1086 3776 1236 3854 quoque
1252 3773 1346 3853 pre-

368 3890 472 3950 catur
486 3877 696 3950 Hetilonem
711 3879 866 3970 obnixe,
888 3903 935 3950 ne
958 3877 1014 3950 illi
1035 3902 1220 3950 assensum
1241 3879 1283 3948 iu
1304 3895 1349 3948 re

368 3998 431 4070 tali
452 4000 632 4099 prebeat,
649 3988 712 4076 sed
723 4005 831 4100 justae
844 4002 942 4102 parti
955 4004 995 4073 in
1010 3999 1189 4074 omuibus
1203 3998 1345 4106 istest,
