3088 4968
352 545 390 600 30
647 551 767 599 onnon.
788 550 866 600 GU.
889 553 932 598 ΒΤ
948 551 1025 596 Ars.

350 714 1323 817 contempserint,graduproprioomninopriventur.

308 835 311 844 ’
349 841 441 911 Item
469 841 500 910 si
528 840 611 938 quis
630 837 747 940 judex
767 837 964 937 cujuslibet
985 834 1125 913 ordinis
1151 837 1326 914 clericum

348 959 507 1059 publicis
536 960 787 1034 sanctionibus
820 959 1000 1032 inclinare
1031 965 1323 1061 praesumpserit,

349 1097 413 1156 aut
433 1109 502 1182 pro
527 1083 754 1182 quibuslibet
775 1084 911 1174 causis,
933 1081 1071 1180 absque
1104 1085 1326 1158 conscientia

348 1220 385 1277 et
408 1208 587 1305 permissu
605 1207 766 1305 episcopi
792 1203 1027 1301 distringere,
1049 1217 1113 1278 aut
1130 1219 1327 1280 contume-

348 1325 424 1420 liis,
441 1328 499 1402 vel
520 1329 665 1427 injuriis
680 1325 823 1398 afficere
840 1329 1133 1424 praesumpserit,
1153 1351 1326 1402 commu-

349 1452 460 1522 nione
473 1453 653 1550 privetur.
672 1453 765 1520 Item
786 1448 816 1520 si
834 1449 916 1546 quis
930 1445 1175 1522 homicidium
1194 1465 1325 1550 sponte

347 1575 594 1664 commiserit,
629 1587 666 1646 et
693 1597 770 1644 non
808 1569 994 1644 violentiae
1031 1573 1217 1665 resistens,
1259 1573 1324 1647 sed

348 1697 424 1767 vim
453 1695 587 1768 faciens
612 1697 754 1794 impetu
781 1693 854 1766 hoc
878 1691 1026 1784 fecerit,
1056 1719 1142 1764 cum
1173 1695 1242 1766 isto
1255 1720 1325 1795 pe-

347 1818 447 1888 nitus
471 1842 549 1888 non
575 1811 948 1889 communicandum:
977 1816 1029 1886 sic
1056 1827 1199 1908 tameo,
1225 1830 1268 1888 ut
1293 1819 1324 1888 si

346 1941 607 2038 poenitentiam
620 1941 751 2036 egerit,
775 1939 815 2007 in
832 1937 932 2008 exitu
951 1939 1223 2010 communionis
1242 1938 1324 2010 via·-

346 2063 461 2134 ticum
473 2086 550 2134 non
564 2075 731 2160 negetur.
748 2063 841 2131 Item
853 2063 883 2130 si
902 2058 1075 2151 clericus,
1091 2058 1323 2158 proficiscens

345 2181 393 2256 de
411 2187 578 2276 civitate,
595 2181 644 2256 ad
664 2183 750 2256 alias
770 2181 930 2256 voluerit
955 2183 1118 2255 civitates
1144 2197 1215 2264 aut,
1231 2205 1324 2282 pro-

343 2310 481 2380 vincias
492 2331 663 2406 pergere,
679 2305 865 2406 pontificis
882 2306 938 2376 sui
953 2305 1113 2402 epistoIIs
1128 2328 1323 2378 commen-

343 2425 465 2502 detur.
485 2428 637 2526 Quodsi
653 2428 730 2500 sine
744 2427 905 2526 epistolis
919 2426 1104 2526 profectus
1117 2427 1229 2500 fuerit
1243 2452 1320 2498 ma·

344 2549 500 2644 nifastis,
519 2551 624 2624 nullo
645 2549 759 2623 modo
783 2551 995 2650 recipiatur.
1015 2551 1106 2622 Item
1129 2554 1159 2622 si
1179 2553 1261 2651 quis
1280 2553 1322 2623 in

343 2673 510 2771 quolibet
525 2673 644 2773 gradu
659 2675 719 2746 vel
735 2673 885 2771 cingulo
899 2676 1139 2765 constitutus,
1158 2689 1224 2766 aut
1246 2697 1323 2773 po—

342 2808 469 2896 testate
496 2795 684 2885 suffultus,
716 2792 916 2868 decedente
944 2799 1137 2896 episeopo,
1166 2823 1222 2870 res
1251 2821 1322 2870 cu-

338 2917 490 3014 juslibet
516 2915 758 3009 conditionis,
790 2921 830 2988 in
855 2917 1004 3008 domos,
1034 2921 1099 3016 (1)
1130 2919 1190 2992 vel
1215 2943 1320 3017 agras

342 3037 501 3110 ecelesiae
517 3041 670 3136 positas,
694 3053 779 3112 aute
801 3041 1061 3112 reserationem
1089 3042 1317 3132 testamenti,

343 3157 402 3230 vel
422 3157 666 3247 audientiam,
683 3185 791 3258 ausus
810 3159 923 3232 fuerit
946 3185 1146 3261 occupare,
1173 3163 1232 3234 vel
1253 3187 1319 3234 ec-

343 3279 460 3353 elesiae
473 3282 649 3381 repagula
664 3281 875 3382 effringere,
894 3297 931 3354 et
943 3283 1207 3383 supellectilem
1222 3282 1319 3356 infra

342 3401 498 3476 domum
512 3403 670 3480 ecclesiae
685 3409 842 3506 positam
856 3408 1082 3505 contingere,
1091 3407 1151 3479 rel
1164 3408 1319 3480 scrutari

342 3529 632 3624 praesumpserit,
645 3531 940 3600 acommunione
950 3527 1247 3602 Christianorum
1254 3553 1319 3628 pe-

341 3649 440 3718 nitus
453 3645 658 3721 abdicetur.
675 3653 788 3744 Item,
807 3667 851 3724 ut
863 3651 985 3725 clerici
1000 3651 1198 3751 cujuslibet
1214 3649 1316 3724 ordi·

338 3769 412 3861 nis,
429 3795 549 3869 neque
563 3795 633 3870 pro
647 3777 826 3874 propriis,
845 3799 965 3874 neque
980 3799 1049 3874 pro
1064 3774 1313 3848 ecclesiasticis

340 3894 475 3983 causis,
498 3891 605 3968 aliter
632 3893 733 3971 adire
755 3895 913 3976 debeant
936 3896 1079 3990 forum,
1104 3921 1173 3970 nec
1192 3921 1316 3973 causas

374 4067 425 4134 (r)
443 4077 473 4120 c.
488 4071 583 4122 somn.
