3044 4968
593 512 686 556 UBER
711 512 840 557 rutum.
1153 467 1206 558 Μέδ-

222 689 308 748 tum
327 701 465 749 munus
479 673 757 774 suscipiendum
778 678 831 748 ire
847 675 1005 750 festinat.
1027 679 1118 750 Erat
1140 703 1204 750 eu·

220 813 300 873 tem
319 802 491 873 aeotivum
512 813 680 898 tempus,
701 797 805 897 quod
825 801 858 871 ci
882 803 1038 874 maxime
1060 802 1141 900 ipso
1163 803 1204 874 in

220 924 356 996 itinere
374 922 498 994 abitus
516 933 554 992 et
571 918 709 992 reditun
726 919 907 993 obfuerat.
927 923 1021 994 Nam
1039 949 1123 996 curn
1141 923 1204 997 di·

217 1045 377 1142 gnitatis
407 1055 511 1114 tanto
539 1065 693 1114 munere
721 1055 891 1140 suscepto
921 1041 1080 1136 rediret,
1112 1043 1203 1120 adeo

219 1169 369 1266 quippe
398 1179 487 1240 oettn
510 1178 672 1238 torrente
691 1165 861 1263 fatigatur
884 1180 958 1259 eat,
982 1181 1025 1238 ut
1046 1191 1133 1240 oum
1156 1167 1204 1242 ad
1279 1221 1291 1252 t

218 1289 413 1362 ecclesiam
424 1313 538 1388 mque
544 1290 765 1388 pervenerit,
774 1291 833 1364 vix
847 1314 1081 1389 campanam,
1093 1295 1153 1392 cuj
1157 1317 1202 1366 ue

223 1410 452 1484 tintinabuio
482 1412 656 1510 episcopii
689 1409 906 1509 dignitatem
937 1411 1202 1486 vindicandam

215 1533 295 1608 eibi
310 1531 471 1606 indicare
493 1531 662 1624 deberet,
678 1534 738 1606 vix
750 1535 925 1632 inquam,
941 1559 1020 1633 prae
1035 1535 1202 1609 molestia

218 1653 467 1754 aegritudinis,
483 1679 631 1728 movere
641 1657 980 1754 potuerit.Textum
992 1683 1080 1730 vero
1090 1684 1202 1732 evan·

217 1777 381 1878 gulicum
408 1803 502 1852 auro
515 1793 552 1852 et
572 1777 759 1878 lapidibus
778 1777 936 1878 pulchre
956 1781 1196 1879 insignitum,

217 1899 287 1974 aed
300 1915 336 1974 et
349 1902 486 1976 multoe
499 1899 661 1992 codices,
677 1927 770 2002 quoe
783 1927 908 1976 secum
923 1903 1067 1995 attulit,
1083 1903 1203 1978 eccle-

218 2026 285 2098 eiae
311 2024 381 2098 Dei
397 2026 524 2098 matris
540 2026 730 2097 conoeaeit.
749 2026 821 2116 Qui
842 2037 969 2121 postea
984 2026 1025 2094 in
1040 2027 1118 2122 ipsa
1135 2049 1203 2094 va-

220 2145 386 2222 letudine
401 2150 442 2220 in
457 2161 604 2220 tantum
616 2146 818 2237 laboravit,
837 2159 881 2216 ut
899 2147 960 2217 vix
984 2147 1096 2218 unius
1113 2147 1202 2217 anni

221 2270 411 2346 curriculo
426 2271 560 2344 rexerit
573 2268 783 2360 eeclesiam,
801 2269 1034 2366 migransque
1049 2293 1071 2342 a
1085 2293 1203 2342 saecu-

219 2393 278 2482 lo,
306 2396 346 2465 in
365 2391 496 2466 eadem
521 2391 672 2466 basilica
685 2394 721 2464 S.
741 2391 869 2464 Mariae
889 2387 938 2464 ad
954 2388 1200 2464 meridianam

218 2515 368 2618 plagam
387 2515 609 2588 tumulatur.

551 2737 710 2918 dap.
760 2773 881 2854 xm.

214 3056 361 3104 mm
377 3056 527 3100 ΙΜἮΙΙἩ
544 3047 676 3098 Momm
692 3053 843 3094 mmm.
865 3051 963 3094 ΤΙΤΜ
986 3047 1142 3093 ”MONS
1158 3047 1201 3088 w-

627 3132 793 3174 ΙΙΜΔΉΙΙ.

221 3323 322 3436 lano
339 3374 464 3434 autem
481 3355 581 3430 diem
603 3377 679 3427 suae
705 3350 938 3424 dormitionis
969 3371 1055 3420 oum
1083 3348 1204 3444 patri-

217 3484 290 3562 bua
306 3484 458 3575 sortito,
488 3477 642 3580 quidam
669 3473 868 3550 Rotbertua
883 3470 1052 3562 nomine,
1070 3492 1205 3540 mona-

206 3585 313 3684 chus
335 3609 377 3680 in
400 3603 488 3680 villa
508 3602 684 3694 Solemia,
716 3621 800 3698 quae
831 3593 878 3668 ab
900 3593 994 3666 urbe
1021 3589 1090 3666 hac
1121 3603 1203 3664 octo

217 3729 390 3802 millibus
404 3725 514 3800 distat
531 3779 541 3820 ,
565 3749 620 3797 res
637 3726 672 3794 S.
689 3720 858 3816 Dionysii
876 3715 1111 3817 procurabat.
1132 3717 1205 3805 Qui

215 3852 492 3953 depositionem
519 3847 680 3949 episcopi
700 3841 874 3934 audiens,
891 3839 1033 3912 honore
1052 3833 1205 3933 quidem

212 3975 391 4052 saeculari
406 3985 553 4073 captus,
570 3971 745 4070 primates
762 3965 918 4040 civitatis
932 3960 1052 4058 pretio
1067 3979 1205 4028 conve-
