3088 4968
390 545 427 597 Η
541 575 546 583 ·
694 549 813 596 0118οΝ.
833 548 912 594 ΟΛΜ.
925 551 968 594 ΕΤ
988 548 1064 593 Ara.
1145 555 1148 566 '

392 733 514 796 catum
528 743 656 808 suum,
678 715 826 789 obviam
848 717 995 813 corpori
1015 741 1051 788 se
1069 715 1177 814 jubet
1203 713 1311 806 duci,
1334 727 1373 785 et

392 856 477 914 ante
496 840 671 912 feretrum
691 864 728 910 se
749 841 958 938 prostravit.
983 838 1040 910 Ad
1072 863 1183 936 quem
1212 863 1298 909 mox
1325 850 1373 907 ut

392 967 482 1038 sacri
490 965 652 1062 corporis
659 961 773 1060 bajuli
783 975 1032 1059 pervenerunt
1043 1015 1052 1052 ,
1062 961 1191 1034 lumen
1205 963 1370 1058 recepit,

394 1111 617 1185 currensque
631 1085 679 1158 ad
691 1088 926 1183 episcopum,
950 1087 1114 1157 narravit
1135 1097 1277 1182 quanta
1299 1082 1371 1156 sibi

394 1208 615 1282 acciderant.
638 1211 692 1280 Ex
708 1211 896 1306 praesentis
907 1209 1030 1304 ,igitur
1046 1210 1236 1282 occasione
1254 1208 1373 1277 mira-

395 1329 980 1430 culi,episcopus,verbodatoad
988 1330 1370 1428 populum,sanctum

395 1479 528 1554 corpus
545 1458 584 1526 in
602 1453 751 1527 ecelesia
766 1477 879 1550 supra
898 1465 1102 1525 memorata
1123 1451 1303 1550 sepelivit.

685 1667 845 1851 liet).
911 1725 1064 1808 xxv.

395 1995 473 2044 QUOD
494 1996 585 2034 SUPER
608 1993 662 2033 RES
675 1993 893 2032 Amsotrrnsts
909 1993 1056 2033 ECCLESlAE
1078 1995 1099 2032 Ι.
1123 1993 1226 2032 lfflssAE
1246 1991 1371 2032 cmm!-

529 2076 603 2116 olunt
622 2076 641 2114 A
655 2072 790 2112 :outonis
805 2072 881 2112 PAPA
895 2071 1077 2112 CONFIRMRI
1091 2071 1238 2114 orimur.

395 2262 498 2374 Hoc
513 2315 636 2376 autem
657 2303 835 2398 scriptum
858 2302 1080 2396 reperimus,
1098 2294 1200 2398 quod
1223 2300 1281 2370 vir
1300 2297 1368 2370 Dei

395 2423 613 2495 venerabilis
628 2425 819 2521 episcopus
836 2422 871 2502 S,
888 2421 957 2492 Dei
980 2423 1165 2518 genitricis
1184 2419 1370 2492 ecclesiam

396 2545 671 2617 Atrebatensem
682 2569 743 2636 ‚ex
758 2542 867 2616 rebus
880 2546 1061 2642 propriis,
1076 2547 1272 2616 unaetiam
1285 2555 1369 2615 cum

397 2691 480 2764 rege
496 2665 741 2758 Theoderico,
765 2679 1027 2763 augmentans,
1053 2665 1170 2758 villis,
1193 2665 1367 2754 ecclesiis,

396 2791 514 2882 terris,
525 2788 760 2882 molendinis,
770 2788 1367 2890 caeterisquesubsidiisampliavit,

396 2925 506 3011 atque
524 2916 562 2984 in
576 2912 737 3010 generali
752 2911 887 3010 placito
902 2911 1084 2984 residente
1100 2938 1183 3010 rege
1199 2912 1367 3010 praefato,

395 3036 572 3108 seculares
586 3059 628 3108 ac
637 3033 850 3132 judiciarias
865 3047 1075 3134 potestates,
1092 3061 1158 3134 per
1172 3035 1370 3134 pontifica-

395 3151 468 3230 lem
498 3160 772 3250 auctoritatcm,
798 3157 1040 3256 praesentibus
1068 3157 1220 3256 quidem
1247 3155 1371 3228 multis

395 3284 638 3382 coepiscopis,
656 3307 740 3354 cum
756 3305 840 3379 rege
858 3283 969 3353 etiam
985 3284 1064 3380 jam
1084 3281 1204 3372 dicto,
1229 3283 1372 3378 astipu-

393 3405 574 3497 lantibus,
591 3409 726 3505 scripto
746 3407 960 3504 privilegio,
981 3421 1017 3478 et
1035 3433 1056 3478 a
1077 3404 1258 3477 Johannc¹
1276 3425 1372 3500 papa

396 3527 636 3617 confirmato,
660 3529 706 3598 ab
723 3528 785 3598 illa
808 3527 958 3598 ecclesia
981 3551 1107 3599 ornnes
1129 3531 1277 3626 ponitus
1305 3549 1374 3597 cx·-

397 3649 517 3720 clusit.
549 3648 658 3741 Quod
671 3649 907 3748 privilegium
924 3650 994 3721 tale
1010 3663 1079 3722 est:

445 3776 569 3846 Sancto
601 3785 634 3845 et
666 3775 877 3844 wesemale
910 3773 1059 3846 ecclesie
1088 3782 1286 3870 provisori,
1324 3779 1369 3849 B.

396 3899 565 3984 Johannt,
591 3923 694 3994 papo
722 3899 896 3982 Romano,
935 3904 1166 3993 episcoporum
1201 3907 1371 3997 episcopo,

398 4023 440 4092 V
435 4023 635 4095 iudiciarios
659 4045 779 4094 servus
806 4047 981 4095 smmum
1003 4025 1074 4096 Dei
1108 4028 1276 4096 minimus
1287 4076 1315 4130 ’,
1333 4029 1373 4095 in
