2906 4970
441 541 537 586 LIBER
550 541 699 588 Tanatus.

373 803 538 985 dap,
592 849 762 930 nxxr.

83 1109 297 1152 ΙῘῙΝΜΟΙΝΠΑ
322 1109 363 1150 ΕΤ
386 1109 580 1150 nutaturus
604 1113 764 1154 ΠΙΠΕΜἾ
786 1113 817 1156 ΙΝ
840 1113 1004 1156 scanzam
1031 1115 1058 1156 1.

108 1189 220 1229 HARIAE.
242 1188 315 1228 ΙΜΙ
337 1187 486 1230 FUNDAVIT
507 1189 719 1230 nonasmmu
738 1193 760 1232 8.
779 1191 953 1238 aaronem.
970 1194 1009 1233 81·
1028 1193 1062 1234 m

107 1266 322 1307 nonnarum
347 1267 369 1306 Ι.
394 1266 543 1308 aurbun
573 1267 746 1310 uuum!
769 1268 933 1312 CANOMCO!
960 1272 1060 1332 IMR?-

109 1345 213 1386 Dum·-

85 1529 478 1662 lnrnamepiscopus,
502 1563 782 1660 superveniente
803 1564 923 1656 senio,
947 1565 1062 1664 coepit

88 1681 569 1785 eorporelanguescere‚sed
585 1682 631 1756 de
646 1685 1059 1781 aeternavitasollicitus,

87 1809 124 1878 in
141 1809 267 1880 animo
284 1805 551 1880 convalescere:
568 1804 894 1906 haereditatemque
911 1808 1061 1907 praecla-

88 1955 184 2024 ram,
221 1954 334 2029 quam
369 1927 416 2002 ab
450 1929 736 2003 antecessoribus
769 1928 978 2030 possidebat
1012 1929 1061 2004 ad

89 2050 218 2126 mundi
253 2050 365 2150 hujus
403 2050 586 2148 gloriam,
622 2051 816 2124 transferre
844 2051 987 2123 studuit
1013 2051 1063 2125 ad

90 2171 370 2250 nanciscendam
402 2185 549 2245 aeternae
577 2175 662 2247 vitae
688 2174 868 2246 laetitiam.
900 2176 1062 2246 Tantum

92 2293 631 2370 enimdchaereditatibusetsui
638 2297 732 2396 juris
744 2293 924 2368 reditibus
938 2293 985 2368 ad
997 2320 1064 2369 ec-

87 2419 233 2493 desiam
248 2421 286 2491 S.
301 2420 370 2491 Dei
385 2418 569 2517 genitricis
583 2419 708 2492 Mariae
724 2421 992 2492 Cameracensis
1008 2445 1066 2496 ec-

94 2539 202 2616 clesiae
225 2569 295 2643 per
318 2540 530 2616 chartarum
555 2543 799 2616 instrumenta
819 2544 999 2636 contulit,
1023 2561 1065 2620 ut

94 2664 418 2740 indereieetionem
436 2665 509 2738 cibi
524 2677 560 2738 et
576 2679 685 2764 potus
703 2665 865 2740 habeant
879 2670 1063 2763 canonici,

96 2811 296 2883 peromnes
310 2789 513 2863 dominicas
535 2791 647 2861 totius
664 2791 773 2861 anni:
802 2791 853 2860 ita
874 2804 996 2863 tamen
1023 2804 1067 2864 ut

97 2909 131 2979 in
144 2911 319 2986 omnibus
333 2909 500 2984 secundis
515 2911 634 3004 feriis,
656 2937 677 2984 a
704 2915 985 3011 congregatione
1000 2939 1067 3013 ge-

98 3035 265 3108 neraliter
289 3037 397 3117 missa
421 3033 625 3108 celebretur
658 3060 727 3134 pro
759 3039 884 3107 anima
918 3039 996 3136 ejus
1031 3043 1069 3110 et

98 3178 160 3252 pro
173 3160 316 3232 cunctis
329 3155 499 3230 fidelibus
514 3155 709 3231 defunctis.
726 3159 773 3228 Et
788 3161 876 3256 quia
897 3156 943 3230 de
970 3161 1068 3232 cari-

100 3291 166 3352 tate
178 3307 266 3382 erga
280 3281 466 3355 ecclesiam
488 3283 524 3350 S.
546 3281 692 3370 Mariae,
715 3292 752 3350 et
773 3281 968 3350 canonicos
991 3282 1068 3376 ejus

101 3401 205 3476 inlata
218 3403 392 3496 disserui,
411 3427 489 3474 non
504 3399 665 3476 reticebo
680 3402 850 3500 penitus,
869 3399 1016 3499 qualem
1032 3424 1070 3473 se

101 3523 173 3600 aliis
203 3531 360 3603 civitatis
391 3527 619 3600 monasteriis
646 3522 866 3598 exhibuerit.
891 3525 1070 3596 Monaste·

103 3649 192 3723 rium
216 3657 253 3726 S.
282 3651 447 3752 Sepulcri
478 3650 526 3722 ab
554 3653 633 3750 ipso
660 3647 779 3722 fundo
807 3645 1004 3722 aedificavit
1035 3661 1072 3723 et

105 3778 219 3868 posuit
233 3775 327 3848 inibi
346 3775 518 3849 abbatem
542 3799 627 3847 cum
649 3769 858 3845 monachis:
882 3771 1007 3846 locum
1029 3773 1073 3846 il-

105 3889 177 3968 lum
188 3900 472 3999 possessionibus
491 3912 527 3971 et
543 3895 746 3972 commodis
760 3897 869 3971 rebus
884 3895 1070 3988 decenter,

107 4017 193 4098 sicut
208 4047 365 4125 praeseus
380 4037 523 4125 tempus
537 4021 690 4125 probat,
706 4022 850 4102 ditavit.
866 4023 911 4101 Iu
925 4017 1074 4099 ecclesia
