2932 4974
391 553 448 610 ¹98
650 559 651 565 ’
693 554 812 602 CHRON·
833 554 967 602 oulen
987 555 1064 602 ΛΤΒ.

390 726 465 796 nia.
502 716 613 812 Quod
652 732 765 816 quam
805 719 852 788 eit
875 718 1079 814 iniquum,
1104 715 1251 816 judicio
1285 748 1362 796 om·

389 847 495 918 nium
515 842 686 941 relinquo
715 837 994 931 estimandum,
1026 841 1149 939 iprum
1176 841 1358 938 videlieet,

387 965 660 1057 utdominum,
677 965 790 1061 juxta
820 960 1015 1035 libidinem
1049 975 1184 1036 cuneta
1216 991 1356 1066 repere,

387 1114 456 1162 nec
468 1087 515 1161 ab
527 1087 606 1162 aliie
618 1087 745 1160 saltem
760 1083 998 1184 praedonibur
1022 1082 1226 1160 deforme.
1252 1089 1358 1170 Nemo

387 1215 498 1284 etiam
523 1209 570 1282 ab
592 1210 737 1306 injuriis
761 1207 912 1280 Walteri
934 1206 1163 1299 feriabatur,
1202 1211 1273 1282 niei
1299 1214 1356 1309 qui

386 1358 472 1406 eum
497 1356 542 1404 eo
570 1333 702 1428 quovis
731 1329 845 1403 modo
877 1332 1013 1404 rentire
1054 1329 1265 1404 ridebatur.
1284 1331 1356 1404 Do-

386 1457 553 1528 mentiooe
570 1477 658 1526 eane
677 1451 979 1550 exsumptuabat,
999 1451 1253 1550 locupletabut
1275 1452 1355 1524 alie-

386 1579 556 1673 nigenas,
587 1588 631 1648 ut
657 1597 724 1672 per
754 1595 884 1647 eorum
905 1574 1043 1648 reilioet
1063 1573 1351 1672 praedicationem

387 1699 429 1768 in
443 1694 620 1768 barbaros
633 1719 769 1794 usque,
785 1695 895 1768 bonae
906 1697 1095 1795 opinionis
1108 1696 1266 1793 gloriam
1280 1719 1353 1794 pro·

253 1889 257 1896 ,
388 1829 552 1916 pagaret.
571 1815 801 1889 Creberrime
816 1815 1091 1916 deplorantium
1110 1819 1252 1890 civium
1273 1841 1353 1890 oon-

387 1941 595 2036 quertiones
608 1937 766 2010 invicem
779 1936 1044 2030 conferuntur,
1068 1940 1217 2012 miseros
1234 1963 1271 2011 ee
1287 1962 1350 2010 non

387 2055 525 2132 hahere
545 2073 767 2158 patronum,
789 2055 853 2132 sed
877 2060 1115 2157 expilatorem
1138 2059 1349 2158 publicum,

387 2181 536 2254 nullum
552 2179 656 2252 aliud
669 2181 739 2254 sibi
755 2181 926 2254 futurum
945 2179 1171 2272 remedium,
1190 2185 1260 2254 nisi
1277 2181 1352 2252 lon-

386 2303 467 2398 gius
481 2301 608 2398 aliquo
621 2301 846 2394 secederent,
862 2316 899 2374 et
914 2315 1024 2374 tantae
1037 2301 1166 2374 bestie
1180 2303 1292 2376 furori
1301 2299 1360 2372 rel
1438 2297 1439 2312 ¹

386 2419 474 2518 fuga
486 2423 746 2494 eximerentur.
772 2421 898 2501 videri
919 2425 1018 2496 enim
1040 2421 1110 2496 eibi
1138 2421 1352 2504 tolerabilius

386 2539 545 2640 quodvis
555 2541 720 2635 exilium,
735 2568 848 2642 quam
858 2543 1090 2618 domicilium
1106 2541 1349 2632 domentionm,

385 2661 454 2736 ubi
468 2660 598 2736 diesin
612 2662 841 2765 direptione,
861 2679 984 2740 nooter
1002 2689 1090 2740 vero
1110 2669 1350 2764 transigantur

387 2786 427 2859 in
442 2783 655 2860 formidine.

685 2951 847 3134 (dap,
897 2999 1067 3080 cxxr.

419 3208 754 3256 eorumeorurn
769 3210 909 3254 wmmr
921 3213 958 3254 nn
973 3210 1116 3256 mrroorn
1124 3213 1176 3255 nra
1184 3203 1306 3256 neomu-

386 3357 1346 3495 Uretiamh'berioremsuroriaunoritarempnnret,
1435 3409 1436 3420 ’

385 3531 612 3616 praesumpta
626 3517 908 3610 adinventione,
927 3517 1118 3592 seiherum
1139 3517 1289 3590 tratrem
1303 3503 1345 3582 ad

386 3641 646 3738 imperatorem
658 3629 1346 3740 misit,pontitiniosublimandquui
1434 3697 1435 3712 ,

384 3785 472 3836 vero
486 3763 526 3836 in
540 3765 621 3862 ipro
636 3787 806 3864 prooeeeu
820 3767 960 3838 itineris
969 3799 988 3857 ,·
997 3763 1146 3856 andito,
1162 3762 1266 3836 alteri
1280 3751 1346 3830 ool·

382 3880 521 3982 latum,
539 3911 605 3987 epe
621 3885 774 3985 quidem
796 3886 1010 3980 frustratus,
1035 3887 1086 3962 ad
1107 3911 1180 3963 stin
1197 3895 1345 3960 roverius

384 4021 449 4082 eti.
