2932 4974
367 519 650 536 Μ

366 565 425 620 246
653 565 774 612 cultori.
793 567 873 614 (iu.
893 569 936 614 ΕΤ
957 567 1035 620 m.

365 763 527 839 quorum
541 735 723 812 Wolterur
743 735 834 812 olioe
849 734 1084 829 verberabat,
1107 736 1199 818 elios
1213 741 1349 814 ‘intue-

366 864 410 936 tie
426 858 677 936 exactionibus
692 881 836 956 temper
851 857 1018 934 vexabat.
1040 861 1158 958 Super
1180 857 1266 936 hmo
1288 887 1348 934 en-

364 1009 411 1083 go
427 998 629 1080 tyrannum
643 982 856 1079 increpent,
877 981 1011 1056 anime
1032 981 1200 1080 pericula
1218 1008 1347 1058 moue-

366 1120 450 1181 tret.
472 1107 610 1178 Verum
631 1103 694 1177 ille
713 1102 969 1202 inobepienter
989 1102 1162 1197 audiens,
1182 1109 1350 1180 monitus

364 1227 624 1304 saluberrimos
656 1228 812 1302 omnino
839 1224 1030 1325 depravat.
1066 1230 1162 1300 Cum
1190 1243 1318 1302 autem
1333 1272 1350 1320 ,·

267 1351 272 1362 ’
364 1349 498 1450 paseha
526 1353 822 1450 propinquante,
845 1346 893 1420 ad
912 1349 1103 1448 proefatam
1123 1350 1347 1443 eoeleeiom,

364 1475 556 1572 episeopus
570 1473 785 1570 imperatori
798 1472 1017 1566 serviturus,
1034 1471 1244 1547 seeundum
1264 1499 1346 1548 mo·

366 1598 488 1667 nitum
510 1597 563 1665 ire
582 1592 813 1693 disponeret,
833 1615 919 1667 oum
932 1596 1004 1668 suit
1018 1593 1192 1668 fidelibus
1207 1649 1218 1688 ,
1235 1599 1344 1670 etiam

366 1717 593 1810 Walterum,
610 1731 652 1788 ut
666 1729 789 1789 tecum
808 1730 992 1815 pergeret,
1009 1721 1132 1816 parari
1151 1722 1342 1819 praeoepit.
1449 1787 1450 1794 ,

325 1825 331 1836 ’
368 1841 451 1932 Quo
465 1853 659 1930 renuente,
671 1839 747 1937 ipse
761 1837 1070 1937 praesulcurnsuie
1077 1839 1206 1912 oliiein
1213 1840 1347 1914 urbem

365 1959 671 2052 Leodeoensinm,
695 1961 910 2058 proeeoripto
927 1963 1106 2054 termino,
1131 1963 1346 2062 imperatori

366 2107 559 2158 occurrere
591 2082 810 2172 festinavit,
848 2079 1093 2178 debitumque
1125 2081 1346 2181 obsequium

366 2205 563 2297 exhibens,
579 2227 691 2301 super
705 2202 858 2274 Walteri
876 2204 1053 2300 injuriam
1071 2215 1107 2275 et
1124 2203 1346 2278 inobedien-

368 2329 457 2400 tiam
485 2327 712 2400 exolnmnvit.
747 2329 832 2397 Post
860 2323 940 2398 hoec
957 2351 1044 2398 vero
1068 2327 1218 2400 monuit
1238 2327 1344 2400 illum

366 2451 586 2547 imperator,
604 2459 647 2520 ut
662 2471 786 2522 seeum
803 2445 851 2520 ad
868 2471 1008 2522 novum
1026 2450 1258 2548 episcopium
1281 2446 1346 2521 tle-

368 2567 592 2663 dieaudum,
620 2570 660 2641 in
687 2571 873 2642 civitatem
908 2567 1078 2646 videlicet
1108 2571 1345 2667 Bouenberq,

367 2717 444 2766 una
463 2689 776 2791 proficieoeretur,
796 2689 924 2789 ibique
951 2693 991 2764 in
1016 2716 1082 2766 eno
1104 2693 1302 2790 presentia
1325 2716 1347 2764 a

368 2817 484 2890 mietio
515 2813 742 2914 epoetolieie,
772 2813 973 2913 multisque
1002 2815 1247 2913 coepiscopis,
1276 2815 1347 2891 eive

369 2935 578 3027 abbatibus,
596 2939 661 3034 qui
675 2935 765 3010 illue
777 2933 825 3008 ad
841 2937 993 3010 enoenia
1007 2935 1136 3035 templi
1150 2937 1348 3012 convenire

369 3047 565 3150 deberent,
596 3056 833 3134 ordinaretur
866 3059 1071 3157 episcopus.
1095 3060 1167 3150 Qui
1190 3061 1260 3134 etei
1283 3057 1346 3134 ho·
1448 3101 1449 3126 r

370 3179 573 3256 norabilius
587 3194 623 3253 et
642 3179 909 3278 disciplinatius
922 3205 1046 3257 eoram
1066 3182 1168 3280 regia
1187 3207 1344 3280 pompe,

370 3315 405 3376 et
423 3300 654 3378 Letharienei
673 3301 844 3394 solertia,
866 3305 973 3378 eoiret
999 3327 1037 3378 ee
1065 3301 1343 3378 ordinandum:

370 3439 495 3500 tamen
507 3426 739 3516 loeiamore,
754 3448 831 3524 qno
847 3429 1010 3500 nutritur
1029 3426 1168 3517 fuerat,
1190 3441 1344 3524 ceptus,

368 3571 391 3620 a
404 3549 509 3622 nullo
515 3547 758 3646 quidem,niei
772 3573 794 3620 a
811 3549 1095 3650 metropolitano
1107 3551 1345 3626 Rememium

369 3669 666 3772 archiepiscopo,
684 3693 721 3742 se
737 3667 950 3744 ordinatum
970 3675 1016 3745 iri
1030 3671 1123 3748 velle
1140 3669 1348 3770 respondit.-

369 3793 516 3892 Quippe
544 3793 629 3866 satis
664 3791 821 3892 provide
852 3819 894 3867 ae
924 3807 1175 3896 competenter
1199 3817 1346 3868 onumm

369 3913 624 4009 considerant,
658 3914 826 3992 neforto
855 3915 1026 3994 videlicet
1055 3943 1099 3992 eo
1128 3919 1241 3990 etiam
1273 3919 1345 4016 ipre

370 4037 629 4116 consuetudini
643 4037 737 4116 'sedis
751 4043 1045 4143 metropolitanae
1057 4037 1347 4118 contrairevide·
