2906 4970
367 593 424 650 26⁴
666 595 786 642 ennon.
803 597 882 642 een.
905 599 947 642 rr
965 597 1042 643 nrr.
1078 577 1081 584 ⁴

367 791 409 838 ac
424 767 580 837 maxime
593 760 741 836 Albaldi
755 763 935 861 episcopi,
951 764 1011 835 cui
1027 765 1146 862 major
1156 767 1285 863 portio
1302 763 1348 838 de

366 889 446 985 ipsa
471 887 662 958 communi
691 885 913 982 possessione
942 879 1111 976 cedebat,
1139 887 1348 958 monitione

367 1007 597 1106 compulsus,
617 1004 704 1079 duci
721 1001 940 1094 Godefrido,
956 1000 1019 1075 sed
1033 1017 1070 1076 et
1083 1007 1265 1105 episcopis
1280 1010 1346 1078 Co·

365 1129 613 1220 loniensium,
637 1128 944 1226 Trejectensium‚
972 1123 1282 1221 Leodicensium,
1308 1142 1346 1205 ut

366 1253 564 1322 exercitum
582 1247 808 1337 adunarent,
829 1244 955 1319 edixit.
971 1247 1045 1338 Qui
1058 1271 1143 1320 cum
1156 1249 1266 1347 juxta
1288 1248 1346 1322 de·

367 1385 508 1445 cretum
525 1375 668 1470 regium
685 1371 754 1442 iter
768 1368 1047 1460 fenerent,inter
1054 1368 1243 1467 agendum
1255 1373 1345 1445 aeci·

368 1489 424 1564 dit
452 1491 692 1593 prodigium,
728 1489 832 1590 quod
861 1487 955 1562 mihi
985 1516 1062 1563 nou
1092 1489 1244 1564 videtur
1277 1517 1347 1566 esse

367 1615 566 1688 silendum.
585 1612 772 1688 Baldricus
785 1616 885 1686 enim
900 1615 1145 1714 episcopusin
1159 1615 1244 1688 vico
1258 1617 1346 1687 Tre-

366 1739 539 1836 jectensi,
557 1739 596 1808 in
611 1738 832 1809 monasterio
849 1739 884 1808 S.
904 1734 1222 1830 Mariae,condidit
1237 1763 1347 1836 eryp-

372 1873 447 1932 tam
464 1846 622 1960 desuper
640 1865 719 1960 jam
741 1860 847 1932 altari
870 1873 1003 1933 erecto.
1030 1859 1137 1933 Unde
1159 1887 1247 1934 cum
1271 1863 1347 1959 ipso

372 1980 432 2054 die
447 1997 530 2082 post
546 1984 750 2055 orationem
770 2005 949 2080 egressus,
974 1963 1060 2056 dum
1081 1983 1121 2053 in
1140 1985 1268 2056 navim
1290 1981 1347 2054 in-

372 2117 467 2179 trare
481 2105 647 2198 deberet,
664 2108 773 2179 etiam
793 2105 972 2203 cumipse
987 2107 1145 2178 exercitu
1159 2105 1347 2205 profectu-

371 2251 454 2319 rus,
474 2228 642 2301 mirabile
656 2227 862 2320 dietu,fuso
876 2227 997 2320 altari,
1009 2241 1128 2300 totum
1144 2227 1241 2304 illud
1258 2251 1347 2328 opus

372 2346 549 2421 diruitur.
565 2351 661 2422 Hinc
678 2374 764 2447 ergo
786 2348 927 2420 malum
950 2373 1059 2420 omen
1082 2348 1192 2420 multi
1211 2351 1348 2448 opina-

372 2469 528 2560 bantur,
547 2467 847 2569 sive'publicum,
863 2472 938 2543 eive
954 2471 1141 2569 privatum
1156 2467 1317 2570 episcopi
1334 2523 1344 2563 ,

373 2605 416 2684 ut
428 2591 542 2691 paulo
559 2606 642 2692 post
661 2585 833 2690 probavit
855 2605 1019 2664 eventus.
1043 2596 1124 2691 Ipse
1142 2594 1245 2666 enim
1266 2617 1345 2666 cum

374 2713 453 2786 aliie
469 2717 580 2787 etiam
597 2728 743 2814 arrepto
757 2715 906 2808 itinere,
924 2712 1240 2804 morinfirmitate
1254 2741 1346 2815 prae-

374 2853 523 2929 ventus,
543 2842 582 2911 in
596 2839 685 2912 villa
697 2863 785 2958 quae
799 2835 1041 2911 Herewardue
1057 2834 1193 2910 dieitur
1206 2863 1347 2910 reman-

374 2960 432 3030 sit.
458 2962 588 3031 Caeteri
608 2985 695 3032 vero
720 2983 806 3032 cum
828 2957 1092 3031 innumerabili
1110 2957 1347 3032 multitudine

375 3081 621 3181 permeantes,
650 3081 942 3174 Theodericum,
967 3107 1053 3156 curn
1077 3084 1203 3181 paucis
1225 3085 1346 3155 Frieo-

375 3204 485 3302 nibus
501 3231 593 3305 quoe
607 3231 730 3279 secum
753 3203 932 3295 habebat,
952 3201 1073 3276 adorti
1091 3201 1205 3295 eunt,
1221 3199 1346 3304 procul

375 3325 491 3400 dubio
508 3353 544 3402 se
560 3327 721 3404 victuros
738 3351 810 3401 esse
828 3325 1011 3425 putantes'.
1037 3323 1131 3418 Quis'
1143 3328 1245 3399 enim
1264 3341 1346 3398 tan-

376 3463 455 3526 tum
473 3452 641 3540 ac'tantae
663 3453 808 3524 virtutis
829 3450 1028 3521 exereitum
1042 3447 1248 3549 'praevalere
1267 3473 1345 3520 am-
1437 3463 1438 3510 t

374 3570 494 3668 big‘et,
525 3573 728 3670 praesertim
752 3567 838 3640 'cum
854 3565 930 3640 ¹unu
948 3567 1081 3642 bellino
1101 3583 1138 3640 et
1159 3566 1346 3669 disciplina

375 3692 526 3765 militari
557 3691 791 3792 praestarent,
813 3704 849 3763 et
871 3693 1104 3790 imperatori,
1124 3687 1249 3764 §tudio
1269 3689 1346 3790 pla-

375 3811 502 3906 cendi,
522 3813 794 3886 inniterentur?
809 3815 904 3884 Cum
922 3837 1009 3911 ergo
1031 3815 1199 3886 cominus
1218 3809 1345 3886 confli-

375 3939 526 4029 xissent,
544 3935 762 4036 derepente,
778 3938 961 4008 incertum
980 3937 1062 4034 quis
1078 3933 1264 4010 diabolico
1280 3937 1346 4004 inr-

377 4059 495 4133 tinctu
521 4073 689 4152 vexatus,
718 4062 757 4132 iu
782 4057 852 4132 hac
873 4063 967 4133 'voce
993 4057 1069 4155 bie,
1091 4055 1342 4144 horrendum,
