<?xml version="1.0" encoding="UTF-8"?>
<!DOCTYPE html PUBLIC "-//W3C//DTD XHTML 1.0 Transitional//EN"
    "http://www.w3.org/TR/xhtml1/DTD/xhtml1-transitional.dtd">
<html xmlns="http://www.w3.org/1999/xhtml" xml:lang="en" lang="en">
 <head>
  <title>
</title>
<meta http-equiv="Content-Type" content="text/html;charset=utf-8" />
  <meta name='ocr-system' content='tesseract 3.04.00' />
  <meta name='ocr-capabilities' content='ocr_page ocr_carea ocr_par ocr_line ocrx_word'/>
</head>
<body>
  <div class='ocr_page' id='page_1' title='image "./chroniquedarras00glaygoog_0373.png"; bbox 0 0 2906 4970; ppageno 0'>
   <div class='ocr_carea' id='block_1_1' title="bbox 457 558 1078 616">
    <p class='ocr_par' dir='ltr' id='par_1_1' title="bbox 457 558 1078 616">
     <span class='ocr_line' id='line_1_1' title="bbox 457 558 1078 616; baseline -0.006 -2"><span class='ocrx_word' id='word_1_1' title='bbox 457 571 550 615; x_wconf 69' lang='lat' dir='ltr'><strong>uultu</strong></span> <span class='ocrx_word' id='word_1_2' title='bbox 570 569 719 616; x_wconf 77' lang='lat' dir='ltr'><strong>rnnrrutr.</strong></span> <span class='ocrx_word' id='word_1_3' title='bbox 1022 558 1078 612; x_wconf 72' lang='grc'><strong>351</strong></span> 
     </span>
    </p>
   </div>
   <div class='ocr_carea' id='block_1_2' title="bbox 111 727 1081 932">
    <p class='ocr_par' dir='ltr' id='par_1_2' title="bbox 111 727 1081 932">
     <span class='ocr_line' id='line_1_2' title="bbox 112 727 1081 832; baseline -0.002 -26"><span class='ocrx_word' id='word_1_4' title='bbox 112 746 145 806; x_wconf 85' lang='lat' dir='ltr'><strong>et</strong></span> <span class='ocrx_word' id='word_1_5' title='bbox 156 733 338 832; x_wconf 78' lang='lat' dir='ltr'><strong>postulare</strong></span> <span class='ocrx_word' id='word_1_6' title='bbox 351 734 532 831; x_wconf 74' lang='lat' dir='ltr'><strong>coepit&#39;‚ut</strong></span> <span class='ocrx_word' id='word_1_7' title='bbox 544 729 709 806; x_wconf 86' lang='lat' dir='ltr'><strong>Johanni</strong></span> <span class='ocrx_word' id='word_1_8' title='bbox 720 730 989 810; x_wconf 77' lang='lat' dir='ltr'><strong>castellaturam</strong></span> <span class='ocrx_word' id='word_1_9' title='bbox 1008 727 1081 804; x_wconf 88' lang='lat' dir='ltr'><strong>do·</strong></span> 
     </span>
     <span class='ocr_line' id='line_1_3' title="bbox 111 855 612 932; baseline -0.002 -5"><span class='ocrx_word' id='word_1_10' title='bbox 111 869 209 928; x_wconf 89' lang='lat' dir='ltr'><strong>naret</strong></span> <span class='ocrx_word' id='word_1_11' title='bbox 221 859 428 932; x_wconf 77' lang='lat' dir='ltr'><strong>Cameracae</strong></span> <span class='ocrx_word' id='word_1_12' title='bbox 443 855 612 930; x_wconf 80' lang='lat' dir='ltr'><strong>civitatis.</strong></span> 
     </span>
    </p>
   </div>
   <div class='ocr_carea' id='block_1_3' title="bbox 395 1073 790 1257">
    <p class='ocr_par' dir='ltr' id='par_1_3' title="bbox 395 1073 790 1257">
     <span class='ocr_line' id='line_1_4' title="bbox 395 1073 790 1257; baseline -0.018 -41"><span class='ocrx_word' id='word_1_13' title='bbox 395 1073 554 1257; x_wconf 59' lang='lat' dir='ltr'><strong>(lup.</strong></span> <span class='ocrx_word' id='word_1_14' title='bbox 607 1129 790 1213; x_wconf 76' lang='lat' dir='ltr'><strong>&#39;nxnn</strong></span> 
     </span>
    </p>
   </div>
   <div class='ocr_carea' id='block_1_4' title="bbox 108 1395 1081 1536">
    <p class='ocr_par' dir='ltr' id='par_1_4' title="bbox 108 1395 1081 1536">
     <span class='ocr_line' id='line_1_5' title="bbox 108 1395 1081 1438; baseline 0.002 -2"><span class='ocrx_word' id='word_1_15' title='bbox 108 1395 246 1436; x_wconf 64' lang='lat' dir='ltr'><strong>unm</strong></span> <span class='ocrx_word' id='word_1_16' title='bbox 262 1395 301 1436; x_wconf 74' lang='grc' dir='ltr'><strong>ΔΙ</strong></span> <span class='ocrx_word' id='word_1_17' title='bbox 318 1395 377 1436; x_wconf 72' lang='grc' dir='ltr'><strong>Μ.</strong></span> <span class='ocrx_word' id='word_1_18' title='bbox 390 1395 574 1436; x_wconf 71' lang='lat' dir='ltr'><strong>amuranus</strong></span> <span class='ocrx_word' id='word_1_19' title='bbox 586 1396 754 1438; x_wconf 68' lang='lat' dir='ltr'>EFISCOPUU.</span> <span class='ocrx_word' id='word_1_20' title='bbox 770 1395 811 1436; x_wconf 83' lang='lat' dir='ltr'><strong>ur</strong></span> <span class='ocrx_word' id='word_1_21' title='bbox 827 1395 1081 1438; x_wconf 67' lang='lat' dir='ltr'><strong>nasutum!</strong></span> 
     </span>
     <span class='ocr_line' id='line_1_6' title="bbox 120 1471 1070 1536; baseline -0.002 -20"><span class='ocrx_word' id='word_1_22' title='bbox 120 1474 355 1518; x_wconf 67' lang='grc' dir='ltr'><strong>ΩΔΙΙΙΙΛΕΙΝΙΙΙ</strong></span> <span class='ocrx_word' id='word_1_23' title='bbox 368 1475 426 1516; x_wconf 72' lang='lat' dir='ltr'><strong>DET</strong></span> <span class='ocrx_word' id='word_1_24' title='bbox 438 1475 560 1530; x_wconf 70' lang='lat' dir='ltr'><strong>losum,</strong></span> <span class='ocrx_word' id='word_1_25' title='bbox 575 1475 653 1526; x_wconf 75' lang='lat' dir='ltr'><strong>QUOD</strong></span> <span class='ocrx_word' id='word_1_26' title='bbox 671 1476 792 1520; x_wconf 64' lang='lat' dir='ltr'>TAMEN</span> <span class='ocrx_word' id='word_1_27' title='bbox 806 1475 938 1518; x_wconf 74' lang='lat' dir='ltr'><strong>colurus</strong></span> <span class='ocrx_word' id='word_1_28' title='bbox 951 1471 1070 1536; x_wconf 56' lang='grc' dir='ltr'><strong>ΑΝΝᾯΙΤζ</strong></span> 
     </span>
    </p>
   </div>
   <div class='ocr_carea' id='block_1_5' title="bbox 108 1675 1088 4238">
    <p class='ocr_par' dir='ltr' id='par_1_5' title="bbox 108 1675 1088 4238">
     <span class='ocr_line' id='line_1_7' title="bbox 110 1675 1084 1816; baseline 0.008 -32"><span class='ocrx_word' id='word_1_29' title='bbox 110 1675 198 1787; x_wconf 78' lang='lat' dir='ltr'><strong>flia</strong></span> <span class='ocrx_word' id='word_1_30' title='bbox 212 1711 366 1806; x_wconf 87' lang='lat' dir='ltr'><strong>auditis,</strong></span> <span class='ocrx_word' id='word_1_31' title='bbox 385 1716 577 1816; x_wconf 83' lang='lat' dir='ltr'><strong>episeopus</strong></span> <span class='ocrx_word' id='word_1_32' title='bbox 596 1741 713 1816; x_wconf 86' lang='lat' dir='ltr'><strong>usque</strong></span> <span class='ocrx_word' id='word_1_33' title='bbox 733 1716 785 1790; x_wconf 88' lang='lat' dir='ltr'><strong>ad</strong></span> <span class='ocrx_word' id='word_1_34' title='bbox 808 1719 971 1793; x_wconf 90' lang='lat' dir='ltr'><strong>animam</strong></span> <span class='ocrx_word' id='word_1_35' title='bbox 989 1742 1084 1793; x_wconf 87' lang='lat' dir='ltr'><strong>con-</strong></span> 
     </span>
     <span class='ocr_line' id='line_1_8' title="bbox 110 1835 1081 1939; baseline 0.007 -33"><span class='ocrx_word' id='word_1_36' title='bbox 110 1835 298 1928; x_wconf 83' lang='lat' dir='ltr'><strong>turbatur,</strong></span> <span class='ocrx_word' id='word_1_37' title='bbox 316 1862 402 1909; x_wconf 89' lang='lat' dir='ltr'><strong>cum</strong></span> <span class='ocrx_word' id='word_1_38' title='bbox 418 1840 497 1936; x_wconf 88' lang='lat' dir='ltr'><strong>jam</strong></span> <span class='ocrx_word' id='word_1_39' title='bbox 515 1865 598 1912; x_wconf 89' lang='lat' dir='ltr'><strong>eam</strong></span> <span class='ocrx_word' id='word_1_40' title='bbox 614 1843 715 1939; x_wconf 80' lang='lat' dir='ltr'><strong>justo</strong></span> <span class='ocrx_word' id='word_1_41' title='bbox 729 1839 870 1914; x_wconf 85' lang='lat' dir='ltr'><strong>haeredi</strong></span> <span class='ocrx_word' id='word_1_42' title='bbox 887 1841 1081 1935; x_wconf 82' lang='lat' dir='ltr'><strong>donasset,</strong></span> 
     </span>
     <span class='ocr_line' id='line_1_9' title="bbox 108 1959 1081 2063; baseline 0.005 -35"><span class='ocrx_word' id='word_1_43' title='bbox 108 1971 144 2029; x_wconf 89' lang='lat' dir='ltr'><strong>et</strong></span> <span class='ocrx_word' id='word_1_44' title='bbox 161 1959 376 2032; x_wconf 85' lang='lat' dir='ltr'><strong>saevissimus</strong></span> <span class='ocrx_word' id='word_1_45' title='bbox 405 1973 586 2063; x_wconf 78' lang='lat' dir='ltr'><strong>tyrannus</strong></span> <span class='ocrx_word' id='word_1_46' title='bbox 613 1963 747 2060; x_wconf 86' lang='lat' dir='ltr'><strong>injuste</strong></span> <span class='ocrx_word' id='word_1_47' title='bbox 775 1985 858 2036; x_wconf 84' lang='lat' dir='ltr'><strong>eam</strong></span> <span class='ocrx_word' id='word_1_48' title='bbox 887 1975 1081 2060; x_wconf 84' lang='lat' dir='ltr'><strong>repeteret.</strong></span> 
     </span>
     <span class='ocr_line' id='line_1_10' title="bbox 108 2077 1084 2181; baseline 0.002 -29"><span class='ocrx_word' id='word_1_49' title='bbox 108 2078 308 2180; x_wconf 80' lang='lat' dir='ltr'><strong>Respondit</strong></span> <span class='ocrx_word' id='word_1_50' title='bbox 321 2077 493 2172; x_wconf 84' lang='lat' dir='ltr'><strong>tandem,</strong></span> <span class='ocrx_word' id='word_1_51' title='bbox 512 2105 549 2152; x_wconf 82' lang='lat' dir='ltr'><strong>se</strong></span> <span class='ocrx_word' id='word_1_52' title='bbox 562 2105 636 2153; x_wconf 90' lang='lat' dir='ltr'><strong>non</strong></span> <span class='ocrx_word' id='word_1_53' title='bbox 651 2106 754 2179; x_wconf 91' lang='lat' dir='ltr'><strong>posse</strong></span> <span class='ocrx_word' id='word_1_54' title='bbox 766 2081 885 2155; x_wconf 88' lang='lat' dir='ltr'><strong>facere</strong></span> <span class='ocrx_word' id='word_1_55' title='bbox 898 2080 1002 2181; x_wconf 93' lang='lat' dir='ltr'><strong>quod</strong></span> <span class='ocrx_word' id='word_1_56' title='bbox 1015 2085 1084 2154; x_wconf 87' lang='lat' dir='ltr'><strong>irn-</strong></span> 
     </span>
     <span class='ocr_line' id='line_1_11' title="bbox 109 2202 1081 2303; baseline 0.002 -29"><span class='ocrx_word' id='word_1_57' title='bbox 109 2217 254 2299; x_wconf 89' lang='lat' dir='ltr'><strong>perator</strong></span> <span class='ocrx_word' id='word_1_58' title='bbox 267 2202 488 2303; x_wconf 83' lang='lat' dir='ltr'><strong>imperabat,</strong></span> <span class='ocrx_word' id='word_1_59' title='bbox 504 2202 1081 2302; x_wconf 78' lang='lat' dir='ltr'><strong>quiaHugonilegitimohaeredi,</strong></span> 
     </span>
     <span class='ocr_line' id='line_1_12' title="bbox 108 2322 1078 2426; baseline 0.001 -28"><span class='ocrx_word' id='word_1_60' title='bbox 108 2325 311 2398; x_wconf 88' lang='lat' dir='ltr'><strong>secundnm</strong></span> <span class='ocrx_word' id='word_1_61' title='bbox 341 2325 460 2423; x_wconf 77' lang='lat' dir='ltr'><strong>legem</strong></span> <span class='ocrx_word' id='word_1_62' title='bbox 489 2326 639 2426; x_wconf 84' lang='lat' dir='ltr'><strong>patriae,</strong></span> <span class='ocrx_word' id='word_1_63' title='bbox 660 2327 738 2424; x_wconf 91' lang='lat' dir='ltr'><strong>jam</strong></span> <span class='ocrx_word' id='word_1_64' title='bbox 762 2349 843 2398; x_wconf 86' lang='lat' dir='ltr'><strong>earn</strong></span> <span class='ocrx_word' id='word_1_65' title='bbox 863 2322 1078 2401; x_wconf 87' lang='lat' dir='ltr'><strong>donaverat.</strong></span> 
     </span>
     <span class='ocr_line' id='line_1_13' title="bbox 109 2449 1082 2549; baseline 0.007 -31"><span class='ocrx_word' id='word_1_66' title='bbox 109 2449 324 2548; x_wconf 84' lang='lat' dir='ltr'><strong>Imperator,</strong></span> <span class='ocrx_word' id='word_1_67' title='bbox 340 2450 697 2549; x_wconf 84' lang='lat' dir='ltr'><strong>propterinstantem</strong></span> <span class='ocrx_word' id='word_1_68' title='bbox 705 2449 1082 2542; x_wconf 69' lang='lat' dir='ltr'><strong>necessitatemvole-</strong></span> 
     </span>
     <span class='ocr_line' id='line_1_14' title="bbox 108 2567 1085 2675; baseline 0.007 -34"><span class='ocrx_word' id='word_1_69' title='bbox 108 2567 169 2644; x_wconf 86' lang='lat' dir='ltr'><strong>hat</strong></span> <span class='ocrx_word' id='word_1_70' title='bbox 180 2573 355 2673; x_wconf 89' lang='lat' dir='ltr'><strong>petitioni</strong></span> <span class='ocrx_word' id='word_1_71' title='bbox 370 2570 550 2644; x_wconf 88' lang='lat' dir='ltr'><strong>Johannis</strong></span> <span class='ocrx_word' id='word_1_72' title='bbox 563 2571 783 2646; x_wconf 83' lang='lat' dir='ltr'><strong>satisfacere:</strong></span> <span class='ocrx_word' id='word_1_73' title='bbox 810 2575 982 2675; x_wconf 88' lang='lat' dir='ltr'><strong>episcopo</strong></span> <span class='ocrx_word' id='word_1_74' title='bbox 1011 2600 1085 2648; x_wconf 88' lang='lat' dir='ltr'><strong>au-</strong></span> 
     </span>
     <span class='ocr_line' id='line_1_15' title="bbox 109 2692 1083 2796; baseline 0.005 -32"><span class='ocrx_word' id='word_1_75' title='bbox 109 2706 178 2766; x_wconf 89' lang='lat' dir='ltr'><strong>tem</strong></span> <span class='ocrx_word' id='word_1_76' title='bbox 197 2692 395 2768; x_wconf 82' lang='lat' dir='ltr'><strong>ridebatur</strong></span> <span class='ocrx_word' id='word_1_77' title='bbox 407 2692 510 2793; x_wconf 89' lang='lat' dir='ltr'><strong>quod</strong></span> <span class='ocrx_word' id='word_1_78' title='bbox 523 2693 656 2768; x_wconf 84' lang='lat' dir='ltr'><strong>fecerat</strong></span> <span class='ocrx_word' id='word_1_79' title='bbox 671 2695 776 2767; x_wconf 91' lang='lat' dir='ltr'><strong>nullo</strong></span> <span class='ocrx_word' id='word_1_80' title='bbox 789 2694 903 2768; x_wconf 90' lang='lat' dir='ltr'><strong>modo</strong></span> <span class='ocrx_word' id='word_1_81' title='bbox 925 2721 962 2768; x_wconf 85' lang='lat' dir='ltr'><strong>se</strong></span> <span class='ocrx_word' id='word_1_82' title='bbox 979 2721 1083 2796; x_wconf 86' lang='lat' dir='ltr'><strong>posse</strong></span> 
     </span>
     <span class='ocr_line' id='line_1_16' title="bbox 110 2812 1083 2916; baseline 0.006 -30"><span class='ocrx_word' id='word_1_83' title='bbox 110 2812 316 2892; x_wconf 83' lang='lat' dir='ltr'><strong>dissolvere.</strong></span> <span class='ocrx_word' id='word_1_84' title='bbox 332 2817 549 2914; x_wconf 87' lang='lat' dir='ltr'><strong>Imperatori</strong></span> <span class='ocrx_word' id='word_1_85' title='bbox 564 2814 667 2916; x_wconf 89' lang='lat' dir='ltr'><strong>qnod</strong></span> <span class='ocrx_word' id='word_1_86' title='bbox 686 2816 854 2914; x_wconf 87' lang='lat' dir='ltr'><strong>petebat,</strong></span> <span class='ocrx_word' id='word_1_87' title='bbox 876 2817 955 2890; x_wconf 86' lang='lat' dir='ltr'><strong>leve</strong></span> <span class='ocrx_word' id='word_1_88' title='bbox 975 2817 1083 2892; x_wconf 86' lang='lat' dir='ltr'><strong>vide-</strong></span> 
     </span>
     <span class='ocr_line' id='line_1_17' title="bbox 108 2931 1082 3042; baseline 0.009 -34"><span class='ocrx_word' id='word_1_89' title='bbox 108 2931 216 3013; x_wconf 88' lang='lat' dir='ltr'><strong>batur</strong></span> <span class='ocrx_word' id='word_1_90' title='bbox 251 2955 287 3014; x_wconf 90' lang='lat' dir='ltr'><strong>et</strong></span> <span class='ocrx_word' id='word_1_91' title='bbox 321 2938 528 3013; x_wconf 88' lang='lat' dir='ltr'><strong>modicum:</strong></span> <span class='ocrx_word' id='word_1_92' title='bbox 558 2942 731 3040; x_wconf 86' lang='lat' dir='ltr'><strong>episcopo</strong></span> <span class='ocrx_word' id='word_1_93' title='bbox 757 2938 860 3038; x_wconf 91' lang='lat' dir='ltr'><strong>quod</strong></span> <span class='ocrx_word' id='word_1_94' title='bbox 888 2941 1082 3042; x_wconf 87' lang='lat' dir='ltr'><strong>petebatur</strong></span> 
     </span>
     <span class='ocr_line' id='line_1_18' title="bbox 109 3061 1083 3158; baseline 0.004 -24"><span class='ocrx_word' id='word_1_95' title='bbox 109 3083 215 3158; x_wconf 82' lang='lat' dir='ltr'><strong>grave</strong></span> <span class='ocrx_word' id='word_1_96' title='bbox 234 3075 273 3135; x_wconf 89' lang='lat' dir='ltr'><strong>et</strong></span> <span class='ocrx_word' id='word_1_97' title='bbox 294 3061 539 3138; x_wconf 82' lang='lat' dir='ltr'><strong>mortiferum.</strong></span> <span class='ocrx_word' id='word_1_98' title='bbox 563 3065 600 3136; x_wconf 84' lang='lat' dir='ltr'><strong>si</strong></span> <span class='ocrx_word' id='word_1_99' title='bbox 625 3066 724 3138; x_wconf 90' lang='lat' dir='ltr'><strong>enim</strong></span> <span class='ocrx_word' id='word_1_100' title='bbox 740 3062 938 3137; x_wconf 85' lang='lat' dir='ltr'><strong>infandum</strong></span> <span class='ocrx_word' id='word_1_101' title='bbox 952 3065 1083 3142; x_wconf 85' lang='lat' dir='ltr'><strong>horni-</strong></span> 
     </span>
     <span class='ocr_line' id='line_1_19' title="bbox 110 3187 1084 3286; baseline 0.007 -32"><span class='ocrx_word' id='word_1_102' title='bbox 110 3207 192 3258; x_wconf 88' lang='lat' dir='ltr'><strong>nem</strong></span> <span class='ocrx_word' id='word_1_103' title='bbox 223 3199 352 3260; x_wconf 86' lang='lat' dir='ltr'><strong>oontra</strong></span> <span class='ocrx_word' id='word_1_104' title='bbox 374 3188 437 3284; x_wconf 86' lang='lat' dir='ltr'><strong>jus</strong></span> <span class='ocrx_word' id='word_1_105' title='bbox 464 3187 584 3258; x_wconf 87' lang='lat' dir='ltr'><strong>aliena</strong></span> <span class='ocrx_word' id='word_1_106' title='bbox 603 3187 816 3286; x_wconf 84' lang='lat' dir='ltr'><strong>petentem,</strong></span> <span class='ocrx_word' id='word_1_107' title='bbox 840 3191 879 3259; x_wconf 93' lang='lat' dir='ltr'><strong>in</strong></span> <span class='ocrx_word' id='word_1_108' title='bbox 898 3191 1084 3264; x_wconf 88' lang='lat' dir='ltr'><strong>civitatem</strong></span> 
     </span>
     <span class='ocr_line' id='line_1_20' title="bbox 108 3309 1088 3407; baseline 0.004 -31"><span class='ocrx_word' id='word_1_109' title='bbox 108 3329 209 3381; x_wconf 87' lang='lat' dir='ltr'><strong>suam</strong></span> <span class='ocrx_word' id='word_1_110' title='bbox 223 3309 422 3406; x_wconf 89' lang='lat' dir='ltr'><strong>reciperet,</strong></span> <span class='ocrx_word' id='word_1_111' title='bbox 442 3331 563 3404; x_wconf 86' lang='lat' dir='ltr'><strong>neque</strong></span> <span class='ocrx_word' id='word_1_112' title='bbox 577 3309 675 3380; x_wconf 87' lang='lat' dir='ltr'><strong>intus</strong></span> <span class='ocrx_word' id='word_1_113' title='bbox 688 3333 837 3407; x_wconf 86' lang='lat' dir='ltr'><strong>pacem,</strong></span> <span class='ocrx_word' id='word_1_114' title='bbox 854 3315 931 3407; x_wconf 79' lang='lat' dir='ltr'><strong>prae</strong></span> <span class='ocrx_word' id='word_1_115' title='bbox 949 3323 1088 3406; x_wconf 67' lang='lat' dir='ltr'><strong>tyran-,</strong></span> 
     </span>
     <span class='ocr_line' id='line_1_21' title="bbox 108 3427 1083 3529; baseline 0.008 -31"><span class='ocrx_word' id='word_1_116' title='bbox 108 3428 194 3504; x_wconf 87' lang='lat' dir='ltr'><strong>nide</strong></span> <span class='ocrx_word' id='word_1_117' title='bbox 207 3428 461 3529; x_wconf 84' lang='lat' dir='ltr'><strong>ejushaberet,</strong></span> <span class='ocrx_word' id='word_1_118' title='bbox 472 3453 591 3527; x_wconf 86' lang='lat' dir='ltr'><strong>neque</strong></span> <span class='ocrx_word' id='word_1_119' title='bbox 604 3427 692 3500; x_wconf 86' lang='lat' dir='ltr'><strong>foris</strong></span> <span class='ocrx_word' id='word_1_120' title='bbox 710 3427 1033 3524; x_wconf 82' lang='lat' dir='ltr'><strong>exhaereditatum,</strong></span> <span class='ocrx_word' id='word_1_121' title='bbox 1046 3446 1083 3506; x_wconf 89' lang='lat' dir='ltr'><strong>et</strong></span> 
     </span>
     <span class='ocr_line' id='line_1_22' title="bbox 108 3551 1085 3653; baseline 0.005 -29"><span class='ocrx_word' id='word_1_122' title='bbox 108 3567 276 3650; x_wconf 86' lang='lat' dir='ltr'><strong>parentes</strong></span> <span class='ocrx_word' id='word_1_123' title='bbox 293 3555 371 3651; x_wconf 82' lang='lat' dir='ltr'><strong>ejus</strong></span> <span class='ocrx_word' id='word_1_124' title='bbox 384 3553 562 3626; x_wconf 84' lang='lat' dir='ltr'><strong>sustinere</strong></span> <span class='ocrx_word' id='word_1_125' title='bbox 582 3565 713 3650; x_wconf 88' lang='lat' dir='ltr'><strong>posset.</strong></span> <span class='ocrx_word' id='word_1_126' title='bbox 733 3551 956 3626; x_wconf 82' lang='lat' dir='ltr'><strong>Humiliatus</strong></span> <span class='ocrx_word' id='word_1_127' title='bbox 971 3555 1085 3653; x_wconf 78' lang='lat' dir='ltr'><strong>igitur</strong></span> 
     </span>
     <span class='ocr_line' id='line_1_23' title="bbox 109 3677 1084 3777; baseline 0.005 -30"><span class='ocrx_word' id='word_1_128' title='bbox 109 3689 143 3748; x_wconf 94' lang='lat' dir='ltr'><strong>et</strong></span> <span class='ocrx_word' id='word_1_129' title='bbox 169 3677 415 3752; x_wconf 84' lang='lat' dir='ltr'><strong>oonturbatus</strong></span> <span class='ocrx_word' id='word_1_130' title='bbox 439 3678 632 3775; x_wconf 84' lang='lat' dir='ltr'><strong>episcopus</strong></span> <span class='ocrx_word' id='word_1_131' title='bbox 651 3701 936 3777; x_wconf 88' lang='lat' dir='ltr'><strong>usquequaque,</strong></span> <span class='ocrx_word' id='word_1_132' title='bbox 958 3679 1084 3752; x_wconf 84' lang='lat' dir='ltr'><strong>vivifi-</strong></span> 
     </span>
     <span class='ocr_line' id='line_1_24' title="bbox 108 3797 1084 3900; baseline 0.003 -29"><span class='ocrx_word' id='word_1_133' title='bbox 108 3803 293 3874; x_wconf 84' lang='lat' dir='ltr'><strong>cationem</strong></span> <span class='ocrx_word' id='word_1_134' title='bbox 313 3797 461 3900; x_wconf 90' lang='lat' dir='ltr'><strong>petebat</strong></span> <span class='ocrx_word' id='word_1_135' title='bbox 482 3825 504 3871; x_wconf 91' lang='lat' dir='ltr'><strong>a</strong></span> <span class='ocrx_word' id='word_1_136' title='bbox 530 3797 657 3870; x_wconf 90' lang='lat' dir='ltr'><strong>divina</strong></span> <span class='ocrx_word' id='word_1_137' title='bbox 680 3801 929 3893; x_wconf 85' lang='lat' dir='ltr'><strong>miseratione,</strong></span> <span class='ocrx_word' id='word_1_138' title='bbox 959 3801 1084 3874; x_wconf 88' lang='lat' dir='ltr'><strong>volens</strong></span> 
     </span>
     <span class='ocr_line' id='line_1_25' title="bbox 109 3919 1086 4019; baseline 0 -27"><span class='ocrx_word' id='word_1_139' title='bbox 109 3919 254 3996; x_wconf 90' lang='lat' dir='ltr'><strong>donum</strong></span> <span class='ocrx_word' id='word_1_140' title='bbox 268 3947 376 3996; x_wconf 87' lang='lat' dir='ltr'><strong>suum</strong></span> <span class='ocrx_word' id='word_1_141' title='bbox 397 3921 559 4018; x_wconf 75' lang='lat' dir='ltr'><strong>legitime</strong></span> <span class='ocrx_word' id='word_1_142' title='bbox 578 3919 801 4019; x_wconf 84' lang='lat' dir='ltr'><strong>perfectum,</strong></span> <span class='ocrx_word' id='word_1_143' title='bbox 822 3921 1086 3996; x_wconf 88' lang='lat' dir='ltr'><strong>inviolabiliter</strong></span> 
     </span>
     <span class='ocr_line' id='line_1_26' title="bbox 109 4039 1087 4147; baseline -0.007 -26"><span class='ocrx_word' id='word_1_144' title='bbox 109 4069 339 4143; x_wconf 81' lang='lat' dir='ltr'><strong>permanere.</strong></span> <span class='ocrx_word' id='word_1_145' title='bbox 358 4046 523 4120; x_wconf 85' lang='lat' dir='ltr'><strong>Sentiens</strong></span> <span class='ocrx_word' id='word_1_146' title='bbox 539 4045 652 4146; x_wconf 75' lang='lat' dir='ltr'><strong>igitur</strong></span> <span class='ocrx_word' id='word_1_147' title='bbox 671 4045 871 4147; x_wconf 84' lang='lat' dir='ltr'><strong>imperator</strong></span> <span class='ocrx_word' id='word_1_148' title='bbox 884 4069 921 4118; x_wconf 86' lang='lat' dir='ltr'><strong>se</strong></span> <span class='ocrx_word' id='word_1_149' title='bbox 934 4039 1087 4118; x_wconf 87' lang='lat' dir='ltr'><strong>blandi-</strong></span> 
     </span>
     <span class='ocr_line' id='line_1_27' title="bbox 872 4185 918 4238; baseline 0 0"><span class='ocrx_word' id='word_1_150' title='bbox 872 4185 918 4238; x_wconf 72' lang='lat'><strong>22</strong></span> 
     </span>
    </p>
   </div>
   <div class='ocr_carea' id='block_1_6' title="bbox 0 0 1462 4970">
    <p class='ocr_par' dir='ltr' id='par_1_6' title="bbox 0 0 1462 4970">
     <span class='ocr_line' id='line_1_28' title="bbox 0 0 1462 4970; baseline 0 0"><span class='ocrx_word' id='word_1_151' title='bbox 0 0 1462 4970; x_wconf 95' lang='lat' dir='ltr'><strong> </strong></span> 
     </span>
    </p>
   </div>
  </div>
 </body>
</html>
