2906 4970
135 539 209 550 nau—u

484 582 579 626 arana
597 583 746 628 ruamus.
1045 577 1102 632 559

130 748 186 821 sb
198 773 243 822 eo
255 745 409 848 qtridern
425 743 574 818 castello
588 743 737 818 divertit
749 747 797 820 ad
813 751 1024 822 Turnacum
1045 754 1105 824 ci·
1218 777 1228 794 ·

131 873 300 962 vitatem,
318 867 387 941 ubi
402 869 443 938 in
461 864 625 965 quodam
642 871 847 968 municipio
864 873 1011 944 inclusit
1027 899 1107 948 non

130 1017 283 1091 parvam
296 990 459 1063 militurn
477 988 679 1062 electorum
698 990 901 1089 fugientem
931 995 1107 1069 multitu-

131 1111 276 1208 dinem,
307 1137 400 1214 quos
430 1111 643 1204 obsidione,
661 1126 697 1186 et
725 1112 775 1185 ad
805 1115 981 1188 ultimum
1011 1118 1107 1194 fame

129 1261 322 1336 oppressos
349 1235 529 1334 compulit
550 1232 599 1307 ad
627 1233 870 1309 deditionem.
893 1239 969 1312 lllis
995 1243 1110 1341 igitur

129 1361 305 1459 acceptis,
315 1373 352 1431 et
366 1385 432 1459 per
444 1357 625 1456 ergastula
640 1358 802 1432 militnm
816 1385 968 1434 suorum
982 1366 1022 1435 in
1036 1389 1109 1438 cue

134 1479 237 1553 todia
247 1481 416 1574 reclusis,
433 1483 633 1580 imperator
648 1505 735 1555 enm
750 1483 867 1582 gloria
881 1483 929 1558 ad
946 1487 1109 1560 civitates

131 1605 236 1699 regni
249 1603 306 1674 sui
320 1599 443 1698 rediit.
460 1599 531 1673 Sed
546 1625 612 1674 nos
626 1627 648 1674 a
661 1606 851 1703 proposito
865 1601 1108 1700 deviarimus,

129 1721 222 1796 dum
246 1747 358 1822 opera
379 1725 610 1823 imperatoris
636 1739 917 1824 prosequentes,
941 1729 1111 1828 aliquan·

129 1847 244 1946 tisper
257 1871 280 1918 a
293 1849 402 1943 gestis
423 1847 472 1918 D.
492 1849 536 1918 L.
557 1845 743 1946 pontificis
765 1842 947 1921 siluimus.
965 1853 1111 1924 Remit-

128 1981 250 2042 tamus
263 1971 377 2068 igitur
390 1969 488 2042 bella
503 1971 758 2070 imperatoris,
774 1983 812 2042 et
827 1969 1024 2068 magnifica
1036 1971 1110 2046 fao·

129 2089 325 2166 taaedituis
344 2095 446 2192 ejus,
464 2105 501 2166 et
523 2117 590 2165 nos
611 2091 659 2166 ad
683 2106 786 2191 gesta
812 2090 998 2192 pontificis
1027 2119 1111 2194 quse

130 2227 267 2290 restant
283 2211 489 2292 redeamus.

432 2415 595 2599 (dap,
650 2463 788 2542 axv.

129 2715 313 2760 ffl'l'm'ssl!
321 2715 476 2758 artacem
485 2716 666 2758 (ΞΑΙΙΙΑΕῊΙ
682 2717 831 2760 mmm
848 2717 909 2758 0111
923 2717 1036 2762 Eum
1048 2717 1108 2760 m.

154 2799 192 2838 ΕΤ
205 2797 331 2838 JOANM!
347 2797 445 2837 FOVBT
462 2796 620 2842 tunultu.
634 2797 683 2837 cot
697 2797 951 2839 cantaturum
965 2799 1043 2839 attan
1061 2798 1110 2839 110-

153 2875 302 2917 lissm'l'.
319 2875 424 2916 HAGNA
437 2873 513 2916 rm
532 2875 662 2916 rnmrtm
679 2874 796 2916 cmm
811 2875 1037 2918 minuendam.

132 3051 369 3163 Brennum
388 3089 607 3186 imperatore
637 3089 677 3158 in
708 3091 813 3185 regni
843 3092 900 3160 sui
926 3093 1104 3188 patriam,

130 3211 277 3284 recessit
294 3231 444 3308 quoque
466 3207 514 3278 D.
531 3209 574 3279 L.
592 3209 785 3307 episcopus
808 3211 1047 3282 Cameraoum
1068 3211 1109 3280 in

131 3334 318 3407 civitatem
338 3355 464 3421 suam,
486 3332 550 3429 qui
570 3331 766 3428 Hugonem
790 3353 973 3428 puerum,
996 3355 1109 3430 quem

132 3456 372 3532 castellanum
393 3453 547 3546 fecerat,
572 3476 649 3524 non
671 3477 693 3524 a
713 3476 751 3524 se
770 3451 927 3551 repulit,
948 3451 1110 3528 sednon

133 3581 271 3654 minori
300 3603 407 3671 cura,
440 3599 553 3676 quam
579 3579 655 3675 ipse
681 3573 867 3667 Ausellus,
892 3579 1110 3652 constitutus

134 3718 252 3776 eustos
284 3704 362 3801 ejus
404 3713 441 3773 et
476 3713 577 3771 tutor
604 3698 725 3791 foret,
754 3723 843 3772 eum
878 3711 915 3771 et
949 3705 1108 3796 enutrit,

134 3822 273 3900 ducens
297 3829 338 3898 in
365 3827 514 3899 irritum
546 3821 688 3895 donum
720 3820 814 3894 illud
847 3823 1108 3914 castellaturae,

135 3947 240 4048 quod
257 3975 323 4048 per
335 3948 548 4022 violentiam
562 3949 805 4045 imperatoris,
815 3943 954 4018 donare
967 3959 1112 4020 coactus

135 4086 187 4145 est
207 4071 384 4146 iohanni.
404 4073 487 4156 Hos
504 4083 628 4145 autem
647 4069 795 4144 factum*
807 4070 1027 4168 imperator,
1051 4072 1112 4170 pie
