3088 4968
340 535 377 588 28
635 539 754 587 canon.
777 540 856 586 ou.
876 541 918 586 ET
940 538 1018 584 Aru.

339 711 409 780 Per
438 705 541 806 quod
566 704 677 778 datur
703 705 859 804 intelligi
885 730 963 778 non
990 729 1076 776 eum
1100 699 1321 802 hujusmodi

342 831 464 902 meriti
490 807 615 918 luisse,
646 831 706 901 cui
733 827 914 926 supplicia
941 851 1010 926 pro
1037 824 1165 924 culpa,
1188 848 1322 898 verum

342 955 495 1050 praemia
510 949 715 1024 reddantur
731 977 800 1050 pro
823 952 1035 1024 innocentia
1051 977 1063 1045 5
1088 944 1191 1048 quod
1204 941 1322 1020 estad

344 1074 497 1148 meliora
511 1075 708 1174 transisse.⁸

643 1216 826 1444 islep(
858 1319 1010 1403 xnr.

590 1539 633 1578 ms
657 1537 871 1578 BERTOALDO
897 1535 1076 1578 triscoro.

344 1713 457 1823 Posr
470 1771 652 1821 excessum
682 1749 722 1818 B.
757 1749 952 1847 Gangerici
980 1747 1148 1820 successit
1182 1745 1222 1816 in
1236 1743 1324 1820 sede

345 1869 549 1970 pontificali
592 1869 805 1944 Bertoaldus
839 1897 882 1944 ex
916 1875 1146 1946 Francorum
1181 1868 1326 1941 nobili-

345 1995 428 2064 tatis
454 1994 647 2094 prosapia,
679 1995 736 2067 vir
761 1993 981 2094 apostolicus
1014 2018 1057 2066 ac
1087 1989 1173 2064 dote
1202 1993 1327 2065 virtu·
1404 2057 1407 2064 .

346 2128 427 2188 tum
453 2115 664 2215 praeclarus.
696 2119 765 2189 Hic
789 2141 914 2190 amore
947 2142 989 2189 ac
1017 2116 1252 2189 veneratione
1280 2115 1324 2184 B.

308 2327 313 2338 Ι
346 2239 541 2336 Gaugerici
557 2238 708 2332 ductus,
725 2267 800 2338 qua
813 2265 957 2339 semper
967 2253 1010 2310 ut
1022 2237 1120 2309 lilius
1131 2236 1324 2335 flagrabat,

346 2361 386 2431 in
401 2359 616 2432 cubiculum
637 2361 701 2458 (1)
721 2363 837 2432 sancti
860 2361 949 2452 viri,
974 2357 1075 2432 unde
1090 2361 1254 2432 animam
1279 2355 1328 2432 ad

347 2481 458 2553 coelos
472 2483 610 2576 emisit,
632 2479 770 2554 lectum
794 2509 903 2557 suum
925 2496 1150 2556 constratum
1163 2482 1323 2575 locavit,
1343 2491 1345 2496 “

347 2630 422 2677 non
452 2605 738 2703 praesumptione
773 2603 909 2677 lubrici
945 2607 1080 2696 animi,
1117 2602 1181 2676 sed
1205 2616 1326 2677 certus

346 2729 434 2825 quia
445 2723 547 2798 hunc
559 2724 683 2798 locum
696 2725 808 2799 nullae
822 2724 982 2799 adversae
995 2727 1109 2826 partis
1124 2725 1327 2799 fantasticae

346 2849 489 2923 insidias
503 2865 693 2944 vexarent,
707 2877 819 2950 quem
833 2857 889 2926 vir
901 2866 1023 2926 tantus
1032 2853 1089 2923 sui
1104 2851 1226 2924 obitus
1240 2877 1327 2924 casu

349 2971 496 3046 dicavit.
517 2977 559 3044 In
577 3000 755 3076 quocum
777 2977 841 3074 (a)
867 2975 991 3074 aliqua
1009 2988 1116 3047 nocte
1133 2986 1324 3072 pausaret,

218 3101 222 3108 '
267 3117 271 3132 ·
349 3097 522 3196 apparuit
543 3095 596 3168 illi
614 3123 681 3196 per
705 3099 826 3170 visum
851 3100 891 3168 B.
919 3099 1164 3194 Gangericus,
1189 3093 1328 3170 blande

349 3218 501 3318 quidem
536 3245 579 3292 ac
618 3217 751 3292 leniter
784 3219 976 3318 alloquens
1011 3232 1054 3290 ut
1084 3221 1324 3319 promptius,

349 3355 471 3416 emoto
498 3341 654 3436 lectulo,
683 3345 981 3444 praesumptionis
1010 3341 1159 3440 culpam
1191 3343 1329 3412 memi-

348 3469 458 3538 nisset
471 3468 593 3565 piare‚
619 3468 648 3536 si
670 3467 876 3564 propitium
904 3466 973 3538 sibi
990 3463 1234 3559 eumhabere
1259 3490 1330 3536 vo-

348 3587 485 3660 luisset.
506 3587 589 3658 Mox
603 3583 664 3656 ille
680 3599 866 3657 summoto
880 3585 1036 3680 lectulO,
1064 3583 1167 3686 quod
1183 3589 1327 3686 jussum

348 3707 468 3782 fuerat
489 3708 665 3808 explevit,
695 3723 731 3780 et
758 3711 797 3780 in
829 3709 959 3783 eodem
988 3707 1179 3798 cubiculo,
1213 3707 1328 3780 altare

351 3829 504 3910 domino
535 3835 574 3905 in
604 3836 781 3906 memoria
816 3835 881 3934 (3)
924 3837 964 3905 B.
994 3833 1189 3931 Gangerici
1219 3827 1331 3902 dedi-

386 4057 1193 4134 (¹)sunau-(e)rauna-(susum.
