2932 4974
390 641 393 654 Ι
455 577 550 622 rnen
575 575 750 624 assumus.
1036 567 1094 624 sss

110 737 245 808 manui
261 733 511 835 praedatoriae,
527 737 567 806 in
581 735 678 808 libro
699 737 784 810 vitae
803 739 918 836 ipsius
937 736 1095 834 legimus

108 861 305 934 sociatum.
336 862 467 950 Hunc,
499 861 671 956 inquam,
701 873 903 958 postquam
923 862 1095 958 magister

106 981 415 1081 benignissimus,
454 978 634 1053 diuturna
662 980 943 1072 lamenuttione,
961 995 998 1054 et
1009 983 1092 1080 jugi

107 1129 223 1204 prece
247 1103 296 1176 ab
323 1127 446 1176 errore
470 1117 702 1191 revocatum,
726 1104 830 1202 quasi
848 1113 953 1201 pater
972 1101 1093 1178 lilium

107 1229 346 1324 suscepisset,
374 1249 416 1298 ac
440 1227 632 1317 saucium,
665 1222 767 1296 dulci
788 1225 1030 1317 correctione,
1051 1249 1095 1298 ac

106 1347 290 1420 benivola
315 1346 561 1422 consolatione
584 1359 796 1439 recreasset,
830 1347 868 1416 in
900 1345 1092 1444 prelibato

105 1469 219 1559 loco,
236 1483 324 1543 tunc
339 1467 511 1569 temporis
522 1465 705 1562 solitario,
726 1463 898 1544 secedere
915 1471 1089 1562 monuit,

108 1606 153 1663 ut
181 1589 450 1688 disciplinatius
479 1589 648 1665 videlicet
675 1605 795 1664 errata
818 1593 1034 1688 corrigeret,
1055 1604 1092 1662 et

110 1711 344 1786 emendatius
360 1717 509 1786 viveret.
534 1718 685 1788 Peracto
706 1717 831 1812 itaque
853 1712 1092 1787 habitationis

110 1833 289 1927 edificio,
307 1849 343 1906 et
355 1837 394 1906 in
412 1837 648 1908 veneratione
665 1834 917 1934 apostolorum
936 1837 1034 1906 Petri
1055 1849 1091 1906 et

111 1957 216 2030 Pauli
234 1971 466 2051 consecrato,
482 1960 630 2056 (paucis
646 1957 828 2055 siquidem
851 1957 947 2030 viris·
961 1953 1090 2030 nitidae

111 2082 196 2152 vitm
225 2103 348 2152 secum
377 2078 585 2177 receptis,)
615 2079 837 2148 monitiones
857 2090 894 2148 ct
917 2076 1092 2149 mandata

113 2201 275 2297 magistri
290 2181 398 2299 aequa
411 2200 517 2272 lance
531 2199 645 2270 moris
657 2209 694 2269 et
707 2198 828 2295 operis
845 2195 1061 2297 adimplevit
1078 2249 1091 2292 ,

112 2323 208 2397 etde
225 2321 286 2396 die
301 2326 341 2395 in
355 2323 455 2396 diem
470 2321 683 2422 proficiens,
700 2318 846 2393 advitae
859 2322 1093 2394 sanctissimae

113 2445 260 2518 culmen
282 2441 520 2518 transcendit.
545 2443 618 2516 Ubi
636 2468 724 2518 vero
743 2443 845 2516 locus
877 2443 944 2516 viri
976 2447 1091 2517 musti

111 2569 171 2666 pia
184 2570 462 2641 conversatione
475 2565 605 2641 llorere
619 2569 807 2667 coepisset,
829 2580 920 2670 etex
933 2567 1091 2640 munili-

113 2693 240 2763 centiis
273 2715 431 2788 regum,
463 2692 537 2762 sive
575 2703 771 2789 potentum
804 2689 1087 2788 quorumlibet,

112 2826 253 2910 quanto
266 2812 376 2885 rebus
390 2816 564 2905 exterius,
579 2825 683 2886 tanto
699 2815 811 2886 etiam
829 2837 987 2886 numero
1005 2837 1091 2886 mo-

113 2934 319 3009 nachorum
333 2937 486 3010 interius
503 2935 731 3030 abundaret,
747 2961 833 3009 mox
853 2934 940 3010 inde
963 2961 1089 3009 remo-

113 3071 185 3150 tus,
213 3057 399 3158 siqnidem
428 3073 472 3131 ut
498 3060 578 3133 Deo
607 3063 767 3134 strictius
792 3063 1086 3164 manciparetur,

113 3183 341 3254 secretiorem
355 3181 500 3274 locum,
528 3207 639 3281 quem
659 3181 773 3282 paulo
793 3195 874 3281 post
894 3181 1087 3276 dicemus,

114 3319 277 3402 expetere
303 3307 507 3377 estimavit.
536 3307 746 3377 Secessurus
772 3294 988 3396 autem,'eo
1016 3307 1090 3378 loci

114 3427 274 3523 prefecit
287 3425 439 3500 beamm
454 3428 576 3500 virum
593 3425 663 3499 Dei
676 3427 912 3518 Ursmarum,
929 3427 999 3524 plis
1012 3451 1091 3498 mo-

114 3547 452 3650 ribuspraeditum,
477 3551 518 3621 in
536 3547 720 3623 functoria
740 3559 886 3626 tantum
905 3548 1091 3649 praedica-

116 3667 211 3745 tione
227 3687 409 3746 sacratum
425 3675 655 3772 episcopum.
668 3673 737 3744 llic
750 3673 861 3746 etiam
875 3674 933 3746 vir
944 3669 991 3745 de
1003 3673 1091 3748 villa

115 3790 246 3888 Fleon,
281 3819 367 3895 quae
395 3794 491 3867 infra
520 3794 649 3868 silvam
679 3797 882 3870 'lerasciam
912 3799 981 3870 sita
1007 3811 1087 3888 est,

115 3915 472 4011 oriunduaformam
484 3919 690 3993 innocentis
705 3921 789 3994 vitae
807 3919 982 3994 fratribus
995 3917 1091 3990 erhi-

116 4033 214 4136 boit,
239 4041 391 4146 diesque
414 4067 498 4118 suos
517 4045 557 4116 in
580 4042 687 4119 bouis
706 4043 881 4144 operibus
899 4045 985 4140 egit.
1012 4041 1091 4114 llos
