3044 4968
562 561 659 608 ΗΠΒ
675 561 805 608 antuus.
1104 555 1159 610 189

178 727 963 832 temimperntorissacramentoetobsidibm
971 735 1160 808 constrin-

176 869 291 954 geret,
302 853 395 928 dum
405 858 608 954 imperator
621 857 877 928 reversurusiu
883 857 1055 954 patriam,
1065 858 1157 958 epis·

177 1002 316 1078 copum
323 977 551 1052 redhiberet.
561 977 658 1050 Huic
672 975 823 1050 oonsilio
836 978 992 1051 Karalus
1001 978 1160 1054 libenter

176 1103 348 1192 acceuit,
366 1097 432 1173 sed
447 1099 542 1174 male
559 1112 738 1191 tractans,
756 1123 835 1172 non
852 1123 969 1199 aequas
988 1085 1161 1176 executio·

179 1226 242 1296 nis
258 1236 342 1296 actu
353 1222 515 1298 libravit.
526 1224 619 1294 Nam
631 1223 779 1321 copioso
791 1223 936 1320 agmine
944 1225 1158 1322 comitatus,

179 1369 270 1422 oum
277 1345 553 1446 praefatisetiam
568 1345 767 1420 comitibus
780 1347 819 1416 in
834 1345 1160 1441 urbemvenit,sed

182 1481 322 1560 tamen,
337 1470 444 1542 sicuti
461 1483 538 1542 erat
555 1471 673 1568 inepti
687 1480 798 1568 atque
815 1467 912 1542 tardi
929 1470 1087 1567 ingenii,
1103 1467 1160 1542 de·

178 1587 363 1663 testandas
389 1591 645 1689 usurpationes
662 1591 842 1684 exercuit,
863 1588 958 1664 adeo
976 1605 1019 1664 ut
1032 1604 1160 1690 raptor

178 1711 303 1810 potius
320 1735 435 1811 quam
457 1723 578 1805 tutor,
603 1713 727 1812 potius
746 1725 945 1786 temerator
957 1737 1071 1812 qnam
1087 1712 1160 1786 ob-

179 1845 344 1908 servator
363 1858 439 1908 esse
459 1830 660 1908 videretur.
684 1831 793 1906 Unde
813 1832 997 1933 indignati
1017 1834 1160 1934 praefati

183 1958 334 2030 comites
348 1969 385 2030 et
400 1958 441 2030 in
454 1957 526 2030 iras
542 1958 659 2048 moti,
678 1955 743 2028 illo
764 1954 918 2056 quidem
938 1981 983 2030 eo
1003 1955 1078 2030 loci
1099 1979 1161 2029 re-

181 2076 287 2173 licto,
315 2077 364 2152 ad
395 2105 462 2154 sua
484 2080 619 2152 reversi
639 2091 739 2150 sunt.
767 2081 883 2150 Porro
907 2078 970 2150 ille
991 2075 1162 2175 deinceps

185 2205 475 2303 oportunitatem
487 2214 525 2274 et
539 2201 698 2300 gratiam
705 2198 897 2297 lociatque
907 2197 1163 2270 sufficientiam

184 2328 297 2402 totius
318 2325 488 2400 alimenti
509 2337 659 2416 nactus,
682 2345 835 2396 uxorem
853 2319 925 2394 sibi
948 2318 1163 2394 adiuturam

183 2475 258 2524 esse
274 2447 485 2548 mandavit,
501 2450 562 2522 cui
579 2448 619 2520 in
634 2443 807 2520 cubiculo
822 2446 984 2545 episcopi
992 2469 1079 2518 cum
1087 2456 1164 2516 tota

183 2569 743 2673 praesumptiouelectumsterni
753 2569 949 2668 praecepit,
961 2591 1163 2666 omnesque

181 2721 270 2796 opes
283 2697 324 2768 in
338 2693 465 2768 usibus
477 2693 637 2794 episcopi
652 2689 896 2782 exhibendas,
909 2692 949 2764 in
967 2689 1163 2789 superfluis

183 2817 549 2893 commessationibus
595 2827 671 2888 tota
711 2811 886 2886 effusione
921 2812 1161 2909 consumpsit.

183 2939 418 3014 Thesaurum
432 2938 591 3012 ecclesiae
609 2935 825 3038 dissipabat,
841 2933 1059 3036 praebendas
1073 2960 1168 3007 ven-

186 3062 318 3156 debat,
336 3065 451 3134 immo
479 3075 515 3134 et
545 3061 776 3135 ecclesiastici
804 3061 998 3134 ministerii
1021 3058 1168 3157 negotia

188 3200 335 3289 emptus
364 3187 484 3287 pretio
510 3185 635 3284 largiri
667 3178 917 3256 mercantibus
937 3179 1167 3280 usurpabat,

192 3311 313 3408 sicque
340 3311 452 3382 totius
484 3305 645 3378 infamiae
669 3306 851 3378 sarcinam
876 3301 1039 3374 tamdiu
1063 3303 1169 3400 gessit

189 3429 309 3508 donec
322 3437 526 3532 imperator
543 3451 707 3501 reversus
720 3423 769 3498 ad
784 3423 916 3496 melius
926 3424 1097 3498 restituit.

535 3606 696 3792 (top
752 3653 827 3731 οι.
877 3561 885 3583 ’
995 3683 999 3692 ,

310 3881 487 3925 ROTEARDU!
500 3875 702 3921 raucorum!
710 3875 891 3918 (ΞΑῙΠΜᾸΙ
905 3875 1049 3918 wbclm.

188 4011 283 4134 Jast
303 4067 391 4120 vero
408 4040 586 4116 brumalis
609 4040 841 4141 intemperiei
862 4036 1006 4136 pruinis
1024 4034 1173 4107 incum-
