2902 4972
435 609 478 656 tn
500 609 620 656 Cimoli.
644 607 737 655 ΒΑΗ).
1014 601 1072 656 383

93 778 168 850 niel
198 779 254 849 ira
283 773 475 874 frendens,
509 776 735 846 unanimiter
757 777 977 874 insurgunt5
1005 805 1072 852 nec

92 903 196 1000 prins
211 903 384 1001 quievere
403 923 517 998 quam
535 897 740 973 homicidos
755 898 854 990 illos,
871 923 1071 1002 omnesque

93 1023 292 1123 complices
309 1047 439 1093 corum
459 1019 609 1094 diversis
630 1047 672 1094 ac
695 1023 912 1120 turpissimis
940 1029 1073 1097 morti-

92 1145 162 1218 bus
184 1141 348 1236 deditos,
368 1143 522 1215 omnino
549 1141 596 1216 dc
625 1156 719 1216 terra
748 1141 925 1216 delerent.
959 1150 1073 1221 Porro

93 1269 180 1368 quis
218 1267 369 1358 luctus,
400 1267 482 1364 quis
521 1263 628 1340 dolor
651 1265 914 1350 Flandrensem
946 1296 1075 1370 popu·

95 1391 174 1462 lum
206 1391 411 1484 attriverit3
445 1413 529 1488 quae
556 1388 714 1488 praelia,
740 1415 823 1489 quac
854 1389 1070 1489 seditiones,

95 1539 176 1614 quae
192 1511 368 1587 incendia
384 1527 499 1585 totam
517 1513 674 1612 patriam
692 1509 979 1607 devastaverint,
997 1542 1073 1590 non

95 1634 199 1708 nobis
238 1635 480 1734 vacat,'quia
505 1633 729 1734 impossibile
756 1647 828 1728 est,
859 1637 979 1710 verbis
1013 1639 1072 1712 vel

96 1760 236 1858 scriptis
249 1782 552 1833 commemorare.
567 1761 684 1858 Super
697 1755 763 1858 huj
770 1784 810 1830 us
823 1762 965 1833 comitis
983 1787 1075 1834 mor·

97 1895 129 1952 te
146 1881 257 1952 multi
275 1877 393 1952 multa
415 1881 578 1953 carmina
598 1877 714 1952 flebili
737 1905 825 1954 voce
843 1879 992 1954 finxere.
1018 1885 1073 1956 De

97 2003 229 2104 quibus
243 2003 449 2076 monachus
462 2028 559 2076 unus
574 2001 733 2100 lugubre
747 2027 910 2096 carmen,
919 2003 983 2078 sed
1000 2031 1075 2078 me-

99 2129 213 2200 moria
247 2124 428 2225 dignum,
464 2125 624 2196 metricis
648 2122 813 2196 versibus
840 2128 1072 2224 composuit,

99 2247 197 2347 quod
214 2273 304 2342 nos,
322 2247 371 2322 ob
390 2249 549 2322 auctoris
569 2243 719 2318 laudem
739 2261 776 2319 et
793 2247 937 2320 lectoris
960 2245 1077 2321 admi-

100 2375 298 2466 rationem,
314 2371 377 2446 hic
390 2373 501 2446 etiam
513 2371 672 2443 inserere
687 2371 915 2445 curavimus:

174 2548 241 2612 llus
256 2548 346 2626 ades,
361 2546 512 2628 Calliope,
529 2548 609 2607 vires
623 2543 700 2606 mihi
712 2565 855 2628 suggere;

175 2652 308 2716 Carmen
322 2654 403 2734 fingo
417 2649 566 2733 lugubre,
581 2646 678 2710 nobili
693 2647 732 2709 de
746 2651 883 2730 principe

175 2756 279 2838 Quem
290 2757 434 2840 produxit
443 2755 552 2829 Deoia,
569 2768 669 2814 satum
680 2755 772 2833 stirpe
784 2757 882 2835 regim

174 2861 277 2925 Mater
291 2862 350 2922 init
363 2859 491 2948 ¹Athala,
507 2857 653 2920 Frisionis
662 2853 735 2918 filia.

179 2966 272 3030 Pater
286 2969 370 3046 enjus
383 2964 483 3026 bostis
496 2963 591 3026 iactus
603 2967 634 3026 in
648 2961 773 3028 ecelesia

179 3073 315 3136 Mortem
326 3092 382 3153 pro
394 3073 508 3150 justitia
518 3069 643 3151 pertulit
656 3073 688 3131 in
702 3069 806 3131 Dacia.

180 3174 294 3240 Noster
307 3189 410 3238 antem
423 3173 566 3250 Carolus,
582 3174 662 3236 clam
676 3173 813 3236 sublatus
824 3175 978 3250 hostibus,

183 3280 276 3367 Fugit
285 3280 324 3342 ad
335 3279 532 3354 avunculum,
543 3281 685 3340 comitem
697 3277 939 3342 flandrensium.

183 3383 219 3447 ln
233 3408 297 3469 qua
310 3385 411 3466 proles
420 3387 502 3466 regia
512 3383 698 3444 marchionis
711 3387 795 3446 cuna

183 3487 286 3553 Crevit
295 3493 441 3572 sapientia
451 3503 542 3572 atque
557 3509 681 3550 morum
694 3491 799 3572 gratia.

185 3593 247 3658 Ubi
263 3615 336 3658 veto
350 3595 476 3679 inclytus
486 3593 565 3656 obiit
573 3593 759 3668 avunctdus,

188 3698 372 3764 balduinum
383 3704 482 3782 patrio
493 3711 628 3764 statuunt
640 3701 673 3759 in
683 3698 771 3762 solio.

190 3804 247 3868 llic
256 3809 364 3876 vicinis
374 3807 495 3890 regibus
505 3819 602 3868 terror
614 3804 674 3868 fuit
686 3804 844 3882 omnibus,

190 3910 294 3974 Cultor
309 3935 368 3975 snae
382 3915 503 3995 patrm,
519 3910 616 3972 hostis
626 3911 785 3990 injustitie.

191 4015 303 4080 Morbo
314 4017 475 4081 insanabili
489 4017 583 4078 fracta
594 4036 685 4076 came
695 4014 807 4098 fragili,

193 4117 293 4187 Sitbiu
307 4123 539 4204 fituronacbus,
555 4135 586 4186 et
596 4123 736 4186 suecessit
745 4118 878 4184 sarolus.
