2932 4974
483 527 579 576 IMR
597 527 746 578 Taurum.

470 729 631 912 aas.
672 770 758 868 111⁰¹

121 989 301 1042 vlumus,
316 995 449 1038 Amim
462 995 611 1042 mom.
622 997 702 1038 ΙΟΝΑ
710 995 780 1038 lm!
792 996 938 1056 Vfflffl'!
950 997 989 1040 ΙΙ·
1003 999 1105 1043 sunm.

149 1075 229 1117 31111
247 1075 396 1118 usuram
420 1073 566 1118 melum.
592 1078 646 1116 881)
663 1075 775 1116 ΙΤΙΙΙΙΜ
796 1075 1015 1118 mutuum!
1027 1079 1105 1120 bussi·

145 1153 528 1200 ms,srsrenucnsnr1nus
548 1153 690 1194 reuulsus
710 1153 838 1192 ROBEM!
861 1153 947 1193 neuls
962 1141 1104 1198 'tannem

146 1232 190 1272 ΙΤ.
204 1231 315 1272 ΟΜΝΗ
334 1231 465 1276 comm.
481 1231 594 1274 vanu!
610 1231 770 1272 ΙΙΜΤΙΔΤ.
787 1231 936 1280 uuum
955 1233 1105 1276 ΑΤΙΙΒΑΤΙ

145 1311 180 1352 11(
198 1309 344 1350 mcum
364 1310 391 1352 B·
411 1310 513 1352 mm
530 1311 683 1356 ΙΠΙΝΜ,
697 1311 735 1352 ΕΤ
752 1308 855 1352 mn
872 1310 912 1351 ΑΒ
935 1311 989 1352 m
1006 1312 1104 1354 BACTA

147 1385 315 1428 unacum.

120 1509 221 1632 flas
240 1551 292 1620 ita
313 1553 438 1647 gestis,
461 1576 530 1625 nec
546 1549 659 1652 longo
685 1563 786 1651 post,
814 1551 997 1624 Walterus
1026 1577 1103 1626 non

120 1667 245 1742 solum
258 1675 448 1747 evacuavit
461 1677 698 1772 promissum,
707 1671 772 1748 sed
786 1675 897 1746 etiam
910 1673 1030 1748 multo
1040 1701 1104 1776 pe-

118 1791 179 1887 jus
198 1793 258 1862 sui
278 1791 414 1864 furoris
434 1795 626 1892 ampliavit
654 1797 858 1868 incussum.
888 1796 982 1868 Nam
1010 1795 1103 1872 dum

123 1911 315 2008 episcopus
330 1912 518 1988 Gerardus
542 1913 590 1988 ad
611 1913 843 1990 obsidionem
865 1917 1102 2003 Mettensium

123 2032 280 2110 civitatis
292 2032 512 2130 aliquandiu
528 2061 615 2108 cum
632 2039 854 2133 imperatore
874 2051 1101 2132 moraretur,

124 2152 304 2228 walterus
318 2157 440 2228 nescio
457 2152 551 2254 quid
568 2155 664 2232 male
680 2169 909 2252 suspectans,
928 2181 1013 2230 mox
1029 2157 1104 2234 fide

124 2288 283 2367 mamm,
301 2276 402 2350 bona
419 2278 582 2375 episcopi
596 2277 774 2350 exteriora
790 2281 963 2368 vastavit,
986 2280 1102 2354 immo

122 2408 157 2468 et
167 2396 392 2470 suburbium
401 2399 557 2472 civitatis
572 2401 657 2496 igne
671 2402 910 2498 consumpsit.
919 2400 1028 2494 Quod
1036 2403 1102 2476 ubi

124 2515 288 2592 delatum
302 2519 396 2592 foret
409 2523 597 2620 episcopo:
615 2546 682 2595 cur
695 2519 767 2594 hoc
779 2521 918 2598 fecisset
936 2527 1020 2598 satis
1041 2551 1098 2600 su·

122 2664 262 2740 perque
276 2640 480 2742 obstupuit,
488 2649 689 2745 praesertim
703 2669 788 2718 cum
807 2647 928 2743 ipsum
936 2645 1100 2727 nihiilae·

119 2757 235 2856 deret,
245 2786 378 2836 verum
385 2765 563 2840 inviolato
575 2765 663 2839 fidei
670 2780 791 2865 pacto,
801 2766 1015 2842 condictum
1022 2769 1098 2868 pla·

123 2885 232 2956 citum
248 2888 657 2984 expectaret.Waiterns
670 2901 810 2976 autem,
825 2887 934 2962 soluti
951 2887 1100 2978 foederis

122 3004 354 3101 praetendens
383 3011 667 3107 proruentium,
694 3033 770 3082 suae
790 3013 1095 3111 praesumptioni,

123 3127 550 3225 opportunacalliditate,
560 3127 1098 3231 praeviditQuoenimgravius

125 3243 279 3322 advertit
303 3275 339 3324 se
369 3249 560 3324 offendisse
578 3255 793 3350 episcopum
811 3302 821 3340 ‚
839 3265 942 3323 tanto
960 3253 1098 3327 altioris

124 3370 283 3466 presidii
305 3376 440 3472 quaerit
453 3371 748 3471 sibisuffugium.
769 3371 863 3442 Nam
879 3373 1099 3448 Rotbertum

123 3514 241 3587 regem
257 3507 294 3567 et
307 3494 476 3568 Odonem
496 3497 668 3570 comitem
683 3505 888 3594 precatores
901 3494 971 3568 sibi
985 3511 1022 3570 et
1036 3497 1097 3572 ad·

120 3611 258 3707 jutores
281 3622 441 3717 paravit:
464 3611 502 3692 et'
518 3633 563 3692 ut
588 3619 636 3692 D.
660 3617 873 3717 episcopum
894 3621 1096 3720 placaturi,

126 3755 195 3808 suae
222 3743 418 3813 temeritati
444 3745 590 3816 veniam
611 3755 800 3840 rogarent,
825 3743 1001 3817 obtinuit.
1025 3748 1100 3818 Ve-

125 3878 206 3930 rum
223 3857 264 3932 hi
284 3864 380 3937 circa
397 3868 586 3963 negotium
600 3862 705 3938 aliud
722 3869 914 3966 occupati,
933 3863 1100 3936 Hardui-

126 3999 237 4076 uum,
254 3983 536 4062 Noviomensem
553 3989 781 4096 episcopum,
791 4013 878 4063 curn
895 3985 1098 4070 aliisetiam
