3044 4968
351 519 391 574 εκ
651 517 769 564 onnon.
786 516 867 564 osu.
886 515 929 574 nr
947 513 1023 559 arn.

351 687 499 775 Mariae,
524 707 608 782 quae
627 707 664 754 vr
682 679 766 752 idus
781 676 996 776 septembris
1011 675 1207 771 agebatur,
1230 679 1335 750 inter

351 809 432 905 ipsa
442 801 673 874 matutinalia
686 797 824 888 officia,
837 821 923 870 eum
936 796 1030 870 iorte
1043 795 1240 892 paululum
1255 797 1335 870 ob-

353 923 563 1014 dormisset,
592 920 706 1012 vidit,
728 933 772 990 ut
793 921 870 1016 ipse
891 915 1016 990 adbuc
1039 915 1179 1018 refert,
1198 943 1328 991 senem

353 1043 555 1144 quemdam
574 1042 643 1114 sibi
661 1043 840 1132 assistere,
859 1041 964 1136 cujus
981 1049 1081 1112 taotu
1101 1037 1335 1112 consolidata

355 1177 441 1236 sunt
461 1188 571 1238 crura
592 1165 684 1259 ejus.
714 1163 783 1233 Hic
805 1171 929 1233 autem
952 1184 1019 1258 por
1051 1159 1194 1259 aliquot
1212 1185 1335 1234 annos

355 1305 399 1357 eu
415 1279 606 1380 stipendiis
619 1267 776 1358 eeclesias
798 1279 909 1352 alitus
920 1292 985 1352 eat.
1062 1327 1068 1340 -

659 1501 827 1694 disp.
879 1547 1027 1625 nvn.
1203 1574 1205 1583 =

386 1797 724 1848 ermemmarus,
733 1797 912 1842 nummu
923 1799 949 1839 ι.
962 1796 1128 1843 rourum
1140 1799 1308 1868 sosrrrsro.

361 1971 459 2106 Nec
474 1979 647 2085 dissimile
667 2012 762 2086 illud
779 2035 929 2111 quoquo
948 2010 1113 2103 videtur,
1138 2011 1241 2111 quod
1260 2017 1337 2085 ite-

337 2155 446 2204 ·rum
464 2129 591 2204 diviua
612 2131 806 2205 clementia
825 2133 963 2202 meritis
978 2134 1094 2203 saneti
1112 2134 1182 2204 viri
1197 2146 1351 2207 contu-⁸
1394 2141 1421 2190 '·

1506 2733 1507 2790 l

1506 2827 1507 2864 l

361 2248 458 2320 lerit.
486 2250 679 2342 Quendam
695 2277 856 2350 namque
877 2275 1057 2347 puerum,
1079 2255 1229 2324 nomine
1251 2255 1337 2324 He·-

361 2371 563 2461 ribertum,
585 2397 627 2458 err
642 2371 781 2473 familia
806 2371 843 2440 S.
860 2370 1054 2467 Gangerici
1071 2373 1194 2444 vivere
1209 2371 1338 2446 adbuc

363 2493 633 2585 cognoscimus,
657 2515 769 2588 quem
791 2501 874 2587 post
892 2513 966 2562 suae
994 2492 1192 2565 nativitatis
1218 2495 1339 2564 trien-

281 2637 293 2652 ·
364 2610 489 2711 nium,
519 2623 621 2682 tanta
644 2607 812 2681 debilitas
833 2593 1107 2704 crusculorum,
1128 2611 1223 2702 ¹forte
1243 2637 1339 2684 con-

364 2733 486 2802 tractis
500 2735 637 2822 nervis,
656 2731 886 2829 obrepserat,
902 2742 946 2800 ut
960 2730 1032 2802 alio
1047 2751 1141 2830 pene
1159 2737 1335 2826 triennio,

359 2853 503 2952 pedum
516 2831 643 2927 'officia
659 2879 735 2926 non
757 2853 921 2927 baberet.
945 2853 1051 2926 Unde
1069 2871 1186 2930 mater
1207 2857 1338 2932 sedulo

362 2997 528 3070 gemens,
545 2976 699 3045 unicum
719 2972 893 3046 vehiculo
908 2976 1123 3072 impositum
1137 2980 1338 3074 permulta

361 3093 443 3164 looa
454 3106 665 3166 sanctorum
678 3092 902 3191 deportavit,
915 3092 979 3166 sed
993 3095 1130 3168 nullius
1145 3097 1338 3171 medicinae

362 3216 569 3314 profectum
583 3216 735 3316 adepta,
752 3215 902 3288 tandem
915 3231 1000 3290 ante
1014 3221 1250 3318 sepulchrum
1266 3222 1340 3296 hu·
1363 3285 1365 3290 ,

359 3339 420 3433 jus
436 3337 535 3410 be'ati
552 3337 736 3436 pontificis
756 3337 961 3411 collocavit.
984 3341 1094 3413 Hune
1115 3345 1238 3442 itaque
1257 3369 1336 3417 non

362 3461 482 3531 multo
505 3476 605 3558 post,
625 3475 800 3558 operante
817 3459 942 3534 divina
965 3464 1178 3560 clementia,
1198 3471 1339 3542 meritis

363 3577 478 3695 hujus
502 3581 617 3651 saneti
644 3582 806 3678 episcopi
830 3581 1010 3654 medelam
1034 3588 1337 3686 impetrantibus,

365 3699 619 3771 ambulantem
631 3699 788 3771 reduxit.
804 3703 883 3774 Hoc
894 3727 980 3801 ergo
990 3697 1116 3780 saneto
1131 3713 1211 3780 viro
1225 3735 1342 3784 reser-

364 3823 461 3911 vari,
484 3822 553 3892 Dei
575 3819 810 3919 providentia
830 3811 1062 3920 dispensante
1077 3827 1279 3923 eredimus,
1296 3847 1343 3905 ut

366 3945 498 4040 quanti
518 3941 689 4070 videlieet
715 3946 837 4020 meriti
853 3947 919 4038 sit,
940 3945 1076 4030 fatente
1091 3951 1248 4050 quidem
1259 3956 1349 4053 ipso*
