3044 4968
355 505 412 560 tta
652 511 772 558 canon.
796 510 875 558 can.
896 513 938 557 nr
960 510 1037 556 aas.

354 677 472 746 minas
485 669 719 771 posthabuit,
731 683 859 756 etnea
874 694 1007 744 norma
1023 672 1211 744 canonicae
1220 670 1329 771 legis,

354 797 474 895 pretio
487 808 660 893 emptus,
682 791 776 866 forte
798 791 1028 885 descisceret,
1049 794 1230 890 promissa
1254 794 1333 868 cal·-

355 919 469 992 cavit:
487 917 604 989 immo
621 929 658 987 et
675 918 781 1015 juxta
800 913 993 1016 prophetas
1017 915 1331 1014 increpationem,

356 1038 501 1140 (azot.
514 1039 572 1111 13.
586 1041 662 1138 19.)
673 1039 801 1112 nolens
814 1040 955 1112 animas
968 1061 1052 1135 quae
1067 1039 1281 1111 moriuntur
1287 1041 1336 1114 vi·

355 1161 523 1254 videare,
542 1162 714 1261 precibus
728 1185 858 1234 eorum
873 1161 1026 1232 minime
1041 1156 1250 1258 adquievit,
1269 1161 1336 1236 sed

357 1288 470 1358 totius
476 1286 702 1357 auctoritatis
712 1281 856 1382 judicio
871 1285 911 1355 in
924 1295 1105 1382 perpetuo
1117 1287 1332 1382 segregavit.

357 1406 465 1480 Unde
483 1406 629 1507 liquido
643 1409 797 1508 apparet
819 1404 922 1506 quod
930 1405 1061 1477 nullus
1081 1405 1193 1479 turbo
1212 1409 1337 1481 mina-

358 1532 665 1630 rumaproposito
675 1529 764 1628 legis
777 1553 924 1602 movere
937 1528 1082 1602 valebat
1093 1525 1337 1621 euin,nullo-

358 1661 432 1753 que
444 1654 612 1751 appetitu
627 1676 826 1723 munerum
840 1649 1072 1724 saecularium
1086 1649 1305 1750 captabatur
1321 1681 1333 1750 ;

358 1771 550 1875 quomodo
562 1773 603 1846 hi
618 1799 710 1875 quos
726 1771 858 1866 hodie,
876 1787 941 1845 aut
954 1787 1110 1866 terrore,
1130 1775 1190 1848 vel
1212 1769 1337 1850 favore

357 1899 574 1998 potentioris
591 1922 756 1996 personae
775 1909 936 1987 coactos,
954 1908 1021 1968 aut
1041 1895 1154 1969 lucris
1172 1895 1337 1971 avaritia·

357 2015 564 2112 inhiantes,
584 2019 701 2090 ausim
717 2016 860 2110 dicere,
876 2015 1124 2090 ecclesiasticae
1140 2020 1337 2093 iustitutio-

358 2140 415 2210 nis
441 2137 673 2239 disciplinam
699 2139 804 2213 malis
823 2138 997 2240 operibus
1019 2136 1220 2238 depravare
1239 2165 1338 2244 saepe

359 2263 617 2361 conspicimus.

528 2573 531 2580 -
662 2467 830 2648 bap.
892 2500 1135 2598 uxxru

357 2759 436 2812 ouon
452 2759 586 2804 nonam
597 2761 656 2804 nac
666 2762 779 2807 rrcmu
793 2765 1137 2812 nuenarianam
1147 2763 1240 2818 otoo}
1249 2767 1341 2812 m

391 2839 486 2880 auur:
504 2841 586 2890 onan
600 2841 661 2882 cosa
674 2843 733 2883 nort
744 2843 871 2883 rossam
883 2843 1167 2892 amensamens
1175 2847 1343 2892 sermm!

390 2917 453 2959 cust
465 2919 584 2960 remo
598 2921 619 2960 s.
640 2921 1044 2966 osusssmrconussuaunr.

366 3093 457 3206 Sus
475 3129 604 3204 iisdem
621 3131 764 3228 diebus,
783 3135 951 3235 Hungari
966 3161 1033 3238 per
1046 3139 1212 3237 regiones
1225 3137 1340 3240 hujus

362 3256 564 3354 provinciae
581 3256 676 3329 male
692 3259 909 3354 saeviebant,
924 3259 1150 3336 Christianos
1171 3265 1341 3364 captiva-

362 3376 473 3470 bant,
489 3377 765 3480 profanatisque
777 3384 886 3456 sacris
901 3384 1082 3478 cultibus,
1097 3385 1261 3460 ecclesias
1274 3390 1342 3462 iu-

358 3497 580 3573 ceudebant.
600 3502 683 3593 Quo
697 3507 912 3601 perterritus
926 3506 1343 3612 Fulbertusepiscopus,

358 3623 517 3718 impigre
530 3623 786 3696 imminentem
800 3629 949 3701 ruinam
962 3630 1187 3729 praevidens,
1205 3632 1341 3706 urbem

361 3741 558 3814 attentiore
576 3767 665 3817 cura
681 3751 821 3820 muniri
836 3754 1016 3845 exercuit,
1038 3767 1075 3826 et
1094 3757 1134 3826 in
1151 3769 1343 3828 monaste-

358 3867 458 3937 rium
478 3867 514 3938 S.
536 3867 661 3938 Mariae
686 3868 937 3946 beatissimum
960 3876 1227 3974 Gaugerioum,
1251 3878 1342 3953 the-

359 3973 521 4062 saurum
544 3987 714 4068 videlicet
750 3998 1076 4094 preciosissimum,
1110 3998 1337 4078 recondidit.
