2906 4970
431 573 475 616 an
499 571 619 618 conou-
644 571 737 616 esan.
1017 566 1074 620 sss

96 748 152 808 ter
188 735 358 834 sepulto,
381 736 555 808 convenit
586 735 757 808 universa
782 736 932 825 civitas,
959 747 997 807 et
1021 737 1071 809 D.

95 856 325 950 Gerardum‚.
335 858 614 932 Bracbatensem
628 855 1075 958 archidiaconum,supra·

96 975 186 1052 dicti
201 980 363 1078 episcopi
380 979 557 1052 Lietberti
570 1002 702 1074 genere
719 980 995 1076 propinquum,
1015 995 1076 1052 to-

96 1103 168 1174 tius
182 1101 301 1201 plebis
315 1125 464 1174 ascensu
481 1101 653 1194 electum,
664 1099 713 1174 ad
729 1101 990 1200 imperatorem
1010 1101 1075 1174 di-

95 1227 237 1322 rigunt.
248 1225 335 1316 Qui,
344 1221 879 1322 acceptisabeoepiscopalibus
894 1225 1072 1320 insigniis,

93 1347 299 1445 glorianter
321 1343 444 1418 rediit.
467 1344 609 1418 Deinde
629 1349 786 1420 Romam
807 1343 1075 1420 benedictionis

93 1469 216 1566 gratia
238 1463 404 1564 expetiit3
430 1493 540 1566 quem
561 1494 659 1568 papa
688 1466 985 1558 Hildebraudus‚
1010 1494 1077 1542 co-

96 1593 202 1688 gnito
214 1589 393 1664 adventus
412 1592 491 1688 ejus
514 1594 681 1689 negotio,
705 1615 774 1664 nec
792 1589 918 1664 videre
936 1590 1074 1681 voluit,

99 1725 302 1810 protestans
323 1737 410 1786 eum
433 1717 813 1806 excommunicatum,
836 1717 925 1812 quia
946 1729 1076 1788 contra

99 1835 327 1935 apostolica,
349 1850 636 1936 sanctorumque
656 1861 843 1910 canonum
864 1851 901 1910 et
920 1863 985 1910 sua
1008 1837 1078 1910 de-

100 1971 210 2048 creta,
227 1957 273 2030 de
288 1983 403 2031 manu
417 1958 502 2032 laici
530 1972 567 2032 et
596 1961 924 2050 excommunicati,
946 1973 1076 2058 utpote

99 2081 192 2154 male
207 2079 389 2156 diffamati
404 2083 654 2180 imperatoris,
664 2083 729 2178 qui
743 2083 874 2173 etiam,
890 2080 993 2179 quod
1006 2067 1075 2152 die-

99 2203 378 2278 testabiliusesse
392 2201 587 2304 probatur,
596 2206 772 2276 Romanae
786 2203 944 2278 ecclesiae
957 2203 1078 2278 subdi·

101 2341 155 2400 tus
177 2353 256 2400 non
277 2341 372 2418 erat,
397 2326 574 2400 baculum
594 2327 813 2426 pastoralem
836 2341 873 2400 et
892 2327 1076 2401 annulum

100 2453 305 2550 accepisset.
338 2453 463 2543 Quum
490 2475 577 2549 ergo
605 2452 653 2524 D.
685 2449 871 2526 Gerardus
902 2451 973 2527 hac
1005 2453 1077 2528 ob-

96 2574 254 2672 jectione
287 2576 523 2666 constrictus,
540 2577 713 2674 *insignia
748 2575 969 2674 episcopalia
1003 2579 1074 2677 ipsi

101 2718 203 2795 papae
221 2691 460 2790 reddidisset,
481 2711 518 2770 et
538 2696 688 2796 prohac
710 2700 860 2770 comites
874 2701 971 2796 ejus,
991 2723 1078 2772 ma-

102 2819 268 2918 ximeque
285 2817 442 2893 Alardus
466 2817 747 2894 archidiaconus
777 2832 814 2892 ct
836 2821 1075 2918 praepositus,

105 2969 210 3040 quem
229 2957 354 3043 postea
369 2967 586 3018 conversum
610 2945 800 3016 Martianis
827 2942 989 3016 vidimus
1014 2943 1078 3018 ab·

104 3067 246 3158 batem,
262 3066 379 3140 nimio
393 3091 548 3140 maerore
559 3051 805 3157 afficerentur,
815 3067 965 3142 tandem
981 3094 1079 3170 papa

105 3194 292 3265 miseratus
306 3204 456 3290 precatu
470 3215 623 3262 suorum
646 3201 683 3262 et
703 3187 967 3280 cardinalium,
991 3215 1078 3287 gra-

107 3317 189 3392 tiam
203 3340 309 3392 suam
326 3317 360 3387 ei
375 3311 552 3404 contulit,
571 3325 608 3384 et
622 3308 912 3386 consecrandum
932 3310 981 3384 ad
994 3313 1079 3384 llu-

105 3463 234 3536 gonem
250 3436 399 3528 oudin,
418 3435 666 3510 venerabilem
680 3433 856 3533 Lugduni
873 3432 1077 3536 archiepis-

107 3587 238 3662 copum
258 3617 268 3654 ‚
306 3575 343 3634 et
379 3563 491 3634 totius
525 3559 654 3634 Gallice
692 3559 874 3658 legatione
905 3557 1078 3634 functum

108 3689 360 3762 transmisisti
377 3683 514 3786 quode
531 3711 633 3758 more
650 3684 889 3759 ecclesiastico
906 3683 1077 3760 decenter

108 3823 352 3903 consecratus,
368 3831 543 3910 prospere·
555 3835 641 3884 curn
657 3809 732 3882 suis
750 3805 997 3907 gaudentibus
1018 3833 1080 3882 re-

109 3934 290 4030 patriavit.

155 4057 230 4132 Nec
246 4055 365 4130 multo
379 4067 476 4156 post,
491 4080 598 4130 causa
613 4057 748 4149 extitit,
762 4079 835 4155 qua
854 4055 995 4128 curiam
1011 4055 1080 4132 im·
