2932 4974
1189 520 1323 536 m

301 534 311 548 ’
331 567 391 624 aas
640 571 997 620 catorcinum.

524 751 593 862 7·
650 835 814 1060 (dep.
873 889 976 971 xx.
1103 783 1106 795 .

642 1134 686 1174 Μ
708 1133 822 1174 truta
846 1131 996 1174 Eunt).

331 1309 437 1447 Quo
452 1359 616 1444 tempore
633 1344 860 1436 Nornnnni,
879 1343 1039 1416 inarime
1051 1339 1206 1442 quidem
1220 1343 1313 1434 Itoi,

332 1483 494 1567 tyranno
510 1467 717 1556 incentore,
734 1489 800 1564 per
814 1463 885 1546 hoo
900 1491 1077 1563 regnum,
1093 1477 1137 1536 ut
1155 1489 1222 1561 per
1240 1463 1317 1538 alia

335 1589 586 1680 desaevierint,
601 1600 638 1682 et
651 1611 719 1659 ceu
732 1611 845 1686 snpra
862 1585 1038 1676 diximus,
1057 1585 1175 1683 culpis
1191 1583 1317 1658 cbris-

334 1715 522 1784 tianorum
536 1709 783 1807 exigentibus,
809 1703 976 1782 eeclesias
999 1720 1210 1780 sanctorum
1229 1701 1321 1806 pas-

333 1835 403 1908 sim
417 1831 706 1915 combusserint:
722 1843 834 1904 tantae
847 1827 1056 1904 formidinis
1070 1843 1316 1928 tempestate,

333 1977 490 2054 corpora
506 1965 740 2046 sanctorum,
754 1950 915 2048 Ayoadri
928 1948 1100 2030 videlicet
1114 1963 1224 2050 atque
1235 1953 1317 2024 Hu-

332 2077 453 2174 gonis,
469 2071 515 2147 de
531 2069 713 2170 Gemepio.
721 2072 908 2166 coenobio,
918 2070 1023 2172 quod
1031 2095 1142 2172 super
1155 2070 1318 2147 fluvium

332 2199 555 2297 Sequanam,
570 2219 646 2268 non
661 2194 794 2294 procul
808 2195 857 2270 ab
874 2193 967 2268 urbe
981 2195 1186 2294 Rotomago
1200 2196 1318 2268 situm

333 2333 406 2413 est,
430 2318 479 2394 ad
498 2317 625 2391 villam
653 2319 860 2416 Haemum,
884 2341 968 2416 quae
993 2316 1040 2392 ab
1068 2315 1161 2390 urbe
1190 2331 1320 2392 nostra

333 2465 411 2514 non
428 2441 512 2541 plus
525 2463 640 2540 quam
654 2435 781 2512 decem
795 2434 959 2512 millibus
973 2437 1195 2538 disparatur,
1203 2437 1318 2515 allata

333 2575 434 2638 sunt.
457 2563 577 2654 Quam
598 2559 752 2654 villam,
771 2574 900 2634 utrum
922 2563 969 2636 ab
990 2571 1098 2636 antea
1116 2581 1316 2660 possessam

333 2683 554 2786 subjacuisse
566 2679 761 2782 prselibato
774 2687 1016 2777 monasterio,
1036 2707 1084 2756 an
1105 2696 1195 2756 tuno
1217 2697 1319 2756 tem-

333 2808 455 2908 poris,
469 2820 567 2880 anta
583 2831 686 2904 rege,
700 2819 766 2879 ant
778 2831 801 2880 a
812 2807 979 2910 quolibet
992 2808 1159 2906 principe
1167 2831 1237 2904 pro
1251 2831 1317 2878 ro-

333 2925 458 3014 medio
471 2931 631 3021 animae,
645 2931 887 3027 receptationi
901 2942 1112 3004 sanctorum
1135 2925 1314 3002 traditam

333 3048 443 3145 fuisse
473 3047 658 3142 dieamus,
685 3053 869 3126 incertum
896 3066 962 3124 est.
991 3055 1046 3127 Ex
1068 3049 1125 3124 his
1146 3065 1246 3124 uerte
1269 3052 1313 3124 B.

334 3168 556 3268 dycadrius,
572 3197 595 3244 a
610 3174 649 3246 S:
662 3171 860 3266 Filiberto,
875 3171 1041 3272 ejusdem
1058 3171 1221 3248 omnobii
1241 3171 1317 3246 ab-

225 3377 228 3384 7
334 3287 420 3376 bate
434 3293 712 3394 probantum,
729 3294 841 3368 abbas
855 3298 967 3368 etiam
987 3298 1227 3388 constitutus,
1248 3319 1318 3370 re-

335 3416 459 3514 gimen
475 3437 621 3516 sacrum
637 3417 789 3514 agebat,
807 3419 967 3516 vitoeqne
987 3418 1153 3492 moribus
1171 3431 1209 3489 et
1231 3419 1318 3492 vin-

336 3549 461 3634 tutum
494 3540 746 3613 coniurations
776 3539 953 3638 fulgebat.
984 3539 1042 3612 Ad
1076 3543 1183 3639 cnjus
1213 3543 1319 3640 piam

337 3660 649 3731 conversationem
665 3674 809 3734 sanam
823 3665 880 3734 vir
896 3663 1050 3736 Domini
1059 3665 1183 3760 lingo,
1198 3665 1322 3736 Roto-

338 3780 517 3874 magensis
530 3781 742 3878 episeopus,
759 3784 998 3857 Karlemanni
1015 3787 1108 3883 regis
1122 3785 1244 3878 filius,
1262 3784 1324 3860 di-

337 3903 426 3975 vina
447 3901 686 4000 inspiratione
716 3929 927 3999 succensus,
946 3907 1098 3981 ‘relictis
1130 3891 1323 4006 siquidem

339 4024 569 4121 episeopatus
582 4019 755 4118 habenis,
773 4029 945 4128 curisque
957 4027 1194 4104 saecfflaribus
1207 4028 1328 4104 abdi-
