2932 4974
295 542 621 555 ...ω-...ιι-ι-ι--ιι
626 543 714 552 nnn-..-
719 544 726 550 -
917 539 1137 552 ess--a-m—sn-
1143 534 1272 557 «ΙΙ-ἡ

295 589 351 644 sos
591 591 711 638 uunou.
730 591 810 638 ω.
828 593 871 637 nr
889 589 967 637 aru.

293 783 379 832 oum
394 758 531 829 virtute
542 759 771 848 extorserint,
787 769 825 829 et
837 757 876 828 in
889 757 975 854 jure
991 766 1148 854 paterno
1161 753 1273 828 loos-

291 880 426 954 verint.
442 880 513 953 Hic
526 892 653 980 postea
666 893 740 952 tam
755 881 891 953 virtute
906 902 1020 977 quam
1035 887 1140 950 etate
1156 875 1274 976 proii-

291 1005 410 1098 biens,
446 1001 540 1076 adeo
573 1005 693 1102 viguit
717 1015 760 1075 ut
781 1004 815 1074 ei
836 1027 898 1076 rex
915 999 1112 1102 Lothurius
1137 999 1273 1074 urbem

290 1124 581 1200 virdunensium
594 1141 762 1226 ceptam,
779 1140 815 1200 et
830 1122 1079 1200 Godefridum
1096 1125 1272 1199 comitem

290 1247 507 1323 reddiderit.

610 1411 778 1596 iiam
834 1461 926 1539 ov·

293 1705 437 1746 rrrsrons
466 1705 549 1757 nuiss
579 1685 756 1750 murmures
779 1707 1084 1750 rsonae-merrom
1106 1707 1272 1755 nrssorss.

398 1783 877 1835 uornmnoomucsnsmumr
891 1785 1161 1829 roomuouonre.
1226 1837 1229 1840 ,

291 1961 389 2074 Nnc
411 1999 616 2076 absurdum
636 2000 754 2076 videri
775 2014 950 2101 putamus
964 2003 1141 2093 inserere,
1165 1998 1270 2101 quod

289 2121 510 2198 Laubienses
525 2123 785 2224 monachijam
797 2121 943 2196 dudum
954 2135 1099 2223 pastore
1109 2121 1268 2214 viduati,
1330 2211 1334 2218 Ι

290 2246 339 2319 D.
358 2241 594 2321 Rotbardum
608 2250 844 2348 episcopum,
861 2259 898 2318 et
912 2243 1125 2318 Noeherum
1138 2243 1274 2318 Leodo-

290 2372 454 2444 oensium
489 2370 732 2468 epistolariter
768 2371 945 2468 aggressi,
975 2367 1167 2468 subrogari
1197 2366 1268 2440 sibi

290 2491 462 2565 abbatem
470 2494 688 2593 Herigerum
696 2491 1054 2593 scriptohujusmodi
1062 2493 1268 2592 petierunt:

325 2613 467 2676 Bousiris
480 2627 511 2676 et
530 2613 668 2697 patribus
690 2617 838 2698 episeopis
867 2615 1111 2692 venerabilibus,
1139 2613 1274 2676 liotbur-

289 2719 331 2783 do
358 2733 389 2784 et
407 2717 562 2799 Notkero,
585 2721 713 2785 bumiiis
739 2721 936 2786 lobiensium
956 2734 1092 2798 caterva,
1108 2720 1273 2784 devotissi-

290 2847 342 2888 mu
375 2825 515 2890 fidelium
549 2829 722 2890 orationum
756 2829 871 2890 nruuia.
909 2826 979 2890 Jsun
1008 2825 1129 2892 dudum
1150 2838 1272 2908 pastore

290 2930 424 3006 viduati,
445 2931 614 2994 diutissime
641 2955 713 2996 vero
739 2937 863 2998 rectoris
880 2933 1001 2996 solliciti
1021 2921 1177 3016 diligentia
1196 2930 1277 2994 des-

289 3036 389 3111 tituti,
412 3045 543 3096 vestram
560 3039 756 3099 convenimus
775 3041 988 3121 paternitatem
1009 3037 1168 3114 submissi,
1187 3058 1273 3120 quo-

288 3141 374 3202 nium
397 3139 524 3221 quidem
541 3139 672 3204 aiterum
693 3155 826 3206 restrum
845 3143 1022 3219 animabus,
1043 3143 1174 3205 aiterum
1189 3139 1274 3204 Deus

289 3243 388 3306 voluit
401 3243 614 3308 subintendere
634 3247 828 3330 corporibus,
851 3260 885 3310 ut
906 3269 977 3310 eum
997 3245 1086 3310 nobis
1110 3245 1273 3329 providea-

290 3353 328 3412 tis
360 3349 524 3427 abbatem,
553 3355 607 3435 qui
632 3353 693 3415 hoo
713 3355 752 3415 sit
768 3353 852 3435 quod
873 3353 1015 3414 ditatura
1041 3351 1074 3414 id
1097 3365 1160 3428 est,
1182 3360 1216 3413 u't
1239 3365 1271 3414 et

289 3455 467 3538 emporibus
494 3469 620 3536 puteruo
641 3457 751 3522 effectu
767 3460 1080 3522 necessariumcuram
1094 3455 1271 3538 impendet,

289 3572 321 3622 et
342 3563 515 3626 ammarum
533 3561 662 3624 salutem
682 3566 810 3644 pastoris
844 3561 999 3646 sigibodo
1026 3582 1089 3624 non
1113 3560 1271 3644 negligus

289 3667 392 3744 sicque
406 3666 585 3727 interiorum
607 3687 711 3728 suram
731 3669 763 3729 iu
784 3669 970 3730 exteriorum
990 3667 1187 3749 occupatione
1208 3687 1273 3728 nou

289 3771 451 3846 minuens,
475 3782 506 3830 et
525 3761 709 3834 exteriorum
734 3771 958 3854 providentiam
968 3775 1000 3834 in
1015 3773 1196 3833 interiorum
1210 3769 1274 3833 soi-

289 3871 447 3942 licitudiue
469 3895 531 3937 uon
551 3874 743 3959 relinquens,
756 3873 760 3884 ’
772 3899 811 3939 ne
838 3889 892 3938 aut
915 3873 1116 3938 exterioribus
1129 3873 1272 3955 deditus,

260 4004 265 4013 ·
288 3980 335 4043 ab
349 3985 465 4045 intimis
482 3995 619 4058 corruat,
637 3995 691 4044 out
706 3983 777 4045 solis
796 3981 991 4045 interioribus
1007 3993 1189 4062 occupatus,
1203 4003 1276 4063 quae

289 4084 364 4148 ioris
376 4085 485 4167 debet,
497 4089 645 4170 proximis
657 4107 720 4153 nou
733 4087 901 4171 impendat.
916 4086 1008 4168 Cujus
1022 4087 1117 4166 jussio
1128 4083 1179 4148 vel
1190 4085 1278 4150 doe-
