2932 4974
346 513 404 567 ¹90
649 519 768 567 nnsort-
787 519 867 568 ΒΑΗ.
883 520 927 566 H
942 518 1020 565 ΑΤΙ.

346 705 469 779 regem
485 683 648 780 expetiit.
664 681 737 756 Ubi
753 707 841 756 sane
852 696 930 754 tam
941 678 1012 754 diu
1027 679 1327 778 demorsiones,

346 801 467 876 donee
492 801 664 878 videlieet
683 821 772 896 rex,
796 817 924 880 coacto
943 803 1063 878 multo
1082 804 1221 899 milite,
1245 831 1331 880 ess-

347 939 448 997 trum
460 905 705 1020 Gandavunr,
721 925 771 1000 ad
785 925 1048 1002 devastandam
1066 939 1204 1000 terram
1216 929 1331 1002 inva-

346 1043 422 1138 dit,
441 1050 631 1147 eaptisqne
644 1049 788 1147 aliquot
802 1073 846 1122 ex
866 1045 1039 1122 Bulduinl
1068 1049 1198 1148 prirnis
1224 1047 1331 1122 mili-

347 1169 471 1263 tibus,
500 1169 594 1244 adeo
618 1169 846 1245 Balduinum
871 1167 1140 1269 perterrefecit,
1171 1183 1217 1243 nt
1240 1195 1331 1246 mox

347 1315 434 1364 urm
456 1289 622 1382 effertus,
651 1290 703 1364 ad
732 1293 844 1366 totius
872 1293 1017 1390 generis
1043 1290 1332 1368 satisfactionem

347 1413 517 1504 veniens,
537 1412 727 1486 metellum
742 1411 1022 1486 valentianense
1041 1414 1075 1487 ei
1098 1409 1326 1504 reddiderit,

348 1532 516 1632 datisque
530 1531 720 1610 obsidibus
738 1559 826 1610 eum
841 1548 1089 1627 sacramento,
1107 1559 1260 1634 proque
1279 1535 1329 1608 li-

347 1652 536 1729 delitatem
548 1669 585 1728 et
599 1680 728 1755 paoem
748 1658 783 1730 ei
800 1669 1034 1732 servaturum
1054 1681 1129 1730 esse
1156 1658 1197 1730 in
1218 1669 1331 1732 antea

346 1776 600 1876 spoponderit.
629 1781 757 1854 Postea
787 1793 911 1854 umen
929 1779 1104 1877 gravibus
1132 1793 1170 1854 et
1199 1781 1331 1854 moltis

278 2001 281 2008 Δ
346 1897 588 1974 seditionibus
604 1903 806 2000 premitur,
825 1915 862 1976 et
875 1901 960 1976 ideo
974 1899 1177 1995 Balduino,
1192 1917 1237 1976 ut
1254 1901 1329 1978 sibi

343 2034 436 2096 esset
447 2023 604 2122 anxilio,
620 2023 811 2100 rastellum
830 2023 902 2099 hoo
921 2024 1202 2101 valentianense
1221 2025 1330 2102 bene·

344 2140 496 2220 finierit.

638 2327 802 2512 ilas.
862 2380 1023 2460 exva

346 2613 384 2655 DE
398 2613 486 2655 ΙΔΙΙΙ
501 2613 781 2658 Pilumnum,
797 2612 836 2652 ΙΊ·
849 2612 941 2664 QUOD,
950 2609 1083 2653 WBC'I'O
1096 2611 1180 2659 luo.
1195 2611 1330 2658 ΑΙΙΑἨΔ

677 2691 818 2734 DOM'WR
830 2691 988 2735 nemun.

348 2849 473 2960 Uuun
486 2873 874 2975 pontifexaliquandiu
881 2871 1327 2974 paoemadeptus,sedab

347 2998 551 3070 insolentiis
565 3001 742 3097 praemissi
756 2995 912 3070 Fulradi
926 2998 1080 3070 minime
1097 2996 1325 3092 feriabatur,

347 3123 413 3221 qui
427 3119 572 3194 easdem
586 3119 836 3221 turpitudines
856 3144 947 3220 quas
965 3117 1177 3192 Rothardus
1199 3121 1328 3220 sopie-

344 3257 424 3336 rat,
451 3241 701 3342 redintegrare
733 3241 946 3316 nullatenus
973 3241 1153 3316 oessabat:
1175 3243 1328 3342 etquis

343 3368 536 3466 episcopus
549 3390 636 3440 euru
655 3391 750 3466 saepe
774 3377 946 3439 vocatum
966 3361 1131 3440 districte
1148 3377 1187 3438 et
1207 3389 1328 3438 cano-

343 3489 427 3561 nice
449 3488 645 3584 arguebat,
666 3489 765 3562 inter
785 3486 892 3560 illum
911 3499 949 3560 et
968 3487 1142 3563 (tomitem
1167 3485 1328 3562 Baldui-

345 3632 458 3700 nnm,
477 3621 648 3709 utsupra
670 3607 849 3703 diximus,
870 3608 974 3685 falsas
992 3611 1327 3686 oommentationes

342 3725 613 3827 dismrdinrunr
625 3731 850 3826 seminabat,
865 3757 952 3806 sane
974 3733 1101 3808 comiti
1124 3729 1324 3826 deferens,

343 3851 481 3928 habere
493 3879 531 3928 se
543 3879 658 3955 supra
674 3853 772 3930 diota
784 3855 990 3957 privilegia.
1008 3852 1138 3928 Infelix
1155 3853 1239 3948 ille,
1255 3857 1328 3956 qui

342 3975 383 4046 B.
398 3979 646 4076 augustinum
659 4003 738 4052 uon
755 3975 969 4058 advertebat
985 3979 1173 4054 memoriae
1189 3975 1328 4054 dioen-
