3044 4968
580 609 675 654 nmen
693 609 820 656 ennius.
1027 615 1034 642 ³
1124 626 1127 632 ·
1158 605 1196 659 69

210 776 376 846 ‘tratione
389 765 570 845 ordinum
589 767 932 867 ecclesiasticorum,
961 770 1010 846 ad
1035 798 1128 874 quos
1149 775 1196 849 ab

214 894 347 966 Ebone
371 891 565 991 quondam
582 896 746 990 provecti
766 893 923 966 fuerant.
940 889 1056 968 Eieo'ti
1083 889 1197 993 igitur
1234 879 1239 884 ’

210 1014 362 1114 judices
408 1015 601 1110 utriusque
634 1019 767 1113 partis,
795 1006 820 1086 iss
868 1015 1127 1116 archiepiscopi
1160 1006 1196 1092 et

213 1132 485 1226 dumetorum,
527 1133 662 1208 audit-is
707 1141 822 1209 causis
861 1133 1073 1211 altrinsecus
1097 1131 1193 1239 (⁴1),

212 1255 496 1357 judicaverunt:
512 1255 614 1356 quod
630 1259 659 1330 si
673 1255 754 1330 Ebu
763 1257 1061 1360 archiepisoopus
1075 1263 1113 1334 in
1128 1286 1195 1336 suo

212 1393 324 1453 statu*
343 1403 512 1471 manens,
528 1383 704 1454 canonioe
717 1381 784 1454 hos
795 1383 925 1454 fratres
945 1381 1192 1479 ordinaverit,

214 1497 398 1574 deberent
416 1503 648 1573 ministrare:
672 1505 701 1574 si
728 1518 854 1578 autem
877 1499 1013 1603 injuste
1032 1503 1195 1604 dejectus

211 1637 255 1696 et
281 1626 457 1696 onnonioe
485 1626 690 1718 restitutus,
729 1643 811 1726 post
843 1653 947 1701 suam
980 1630 1196 1702 eanonicam

207 1749 485 1819 restitutionem
524 1746 671 1820 eosdem
690 1803 696 1810 .
714 1749 961 1842 ordinaverit,
1007 1753 1085 1822 sine
1118 1750 1197 1822 ulia

211 1871 420 1967 quaestione
444 1857 622 1941 deberent
642 1871 752 1942 etiam
770 1873 989 1942 ministrare.
1028 1875 1197 1942 interro-

210 1993 307 2088 gatis
333 1995 458 2090 itaque
473 1990 749 2066 ordinatoribus
773 1995 964 2065 Hinomari
983 1991 1029 2064 de
1052 1987 1195 2064 Ebonis
1300 2075 1306 2086 ¹

211 2109 464 2211 depositione,
482 2127 520 2185 et
536 2116 729 2194 Hinomari
756 2113 1011 2204 ordinatione,
1042 2137 1192 2210 surgens

216 2232 468 2310 Theodericus
493 2239 768 2309 Gameraoensis
796 2239 1005 2336 episcopus,
1032 2237 1197 2335 porrexit

211 2357 257 2427 in
274 2373 474 2460 conspeetu
485 2359 664 2458 principis
685 2373 721 2431 et
734 2358 868 2458 synodi
882 2362 1058 2458 scriptum
1074 2359 1197 2432 conti·-

213 2505 307 2553 nens
321 2479 491 2553 ordinem
508 2479 746 2579 depositionis
758 2479 901 2579 praefati
917 2481 1069 2566 Ebonis.
1090 2483 1195 2555 Tunc

210 2603 434 2676 ventilatum
463 2585 515 2676 est
537 2602 701 2702 qualiter
726 2617 979 2706 exauctoratus
997 2605 1190 2704 episcopus

210 2727 356 2797 restitui
373 2722 523 2818 debeat,
555 2738 592 2797 et
605 2727 692 2824 quia
708 2723 808 2797 idem
820 2725 904 2821 Ebo
921 2728 1109 2797 restitutus
1129 2751 1196 2798 ea·-

210 2848 348 2919 noniee
362 2871 438 2917 non
445 2845 557 2918 fuerit
571 2873 582 2916 ε
598 2848 749 2946 insuper
763 2847 853 2919 stab
870 2845 1068 2946 apostolica
1086 2843 1191 2936 sede,

210 2967 339 3066 Sergio
353 2993 448 3068 papa
454 2967 696 3042 confirmante
705 2965 946 3068 dejectionem
956 2967 1073 3062 illius,
1083 2965 1194 3040 dam-

213 3101 326 3162 natus
339 3093 514 3182 extiterit,
537 3105 581 3162 ut
608 3094 648 3164 in
664 3091 757 3164 laioa
783 3088 1070 3164 tantummodo·
1088 3067 1212 3164 com-⁸

212 3196 396 3284 munione
412 3227 589 3286 maneret.
599 3215 730 3311 Sioque
745 3210 934 3286 decretum
949 3225 1003 3284 est
1026 3224 1070 3282 ut
1091 3212 1198 3309 quiu-

214 3332 314 3431 quid
328 3336 366 3406 in
377 3333 674 3408 ordinationibus
685 3321 931 3406 ecelesiasticis
939 3333 1120 3427 Ebopost
1135 3329 1198 3400 de-

211 3455 437 3554 positionem
449 3481 556 3530 suam
568 3465 709 3553 egerat,
727 3450 935 3526 secundum
956 3445 1195 3522 traditionem

211 3575 427 3673 apostoticae
440 3574 554 3668 sedis,
570 3587 706 3675 praeter
718 3599 862 3648 sacrum
876 3573 1079 3674 baptisma,
1096 3569 1200 3670 quod

212 3699 370 3770 nomine
383 3700 420 3770 S.
440 3699 629 3772 Trinitatis
646 3697 850 3796 perfectum
874 3709 948 3781 est,
967 3696 1113 3768 irritum
1130 3689 1203 3766 ha-

213 3819 387 3914 beretur,
412 3834 449 3892 et
464 3818 627 3894 ordinati
638 3819 747 3892 abeo
762 3818 1009 3893 ecelesiasticis
1022 3813 1199 3914 gradibus

211 3925 468 4040 privarentur.
485 3941 897 4043 Tuncunusexdejectis
907 3931 1196 4014 fratribuslibel·

252 4104 551 4176 (meipsum.
