3044 4968
1020 519 1159 533 -h--n

553 567 647 614 um
662 567 791 614 Pulm-
1110 561 1165 614 {59

187 739 227 788 ut
235 737 339 808 quater
348 726 497 808 replicate
511 725 645 790 eundem
654 729 840 810 equiparent
851 772 860 804 ,
871 747 909 790 eo
919 739 1022 790 tamen
1035 738 1140 790 tenore
1155 773 1165 804 ,

186 833 476 912 utiuprimas,in
492 830 675 908 secundus,
697 834 825 908 tertiai,
846 831 887 894 ab
908 853 972 894 asse
990 834 1162 914 incipiens,

183 934 302 1002 duecte
316 957 438 1018 semper
449 935 600 1000 scrihumr
609 938 738 1000 tramine
748 980 757 1013 ,
768 949 799 1000 et
811 935 921 999 codem
930 940 1014 1018 apice
1022 938 1166 1002 finiuntur

89 1071 96 1086 ·
184 1055 246 1106 ltus

228 1800 337 1863 iiisita
349 1801 522 1884 dispositis,
547 1804 690 1868 volumus
701 1818 736 1867 ut
749 1825 804 1886 per
823 1804 879 1866 hus
897 1816 974 1878 tres,
993 1803 1070 1863 sient
1087 1813 1117 1862 et
1138 1801 1169 1860 in

185 1906 312 1988 prenso
332 1906 411 1968 solet
430 1907 527 1986 ludo,
549 1911 670 1972 numeri
686 1913 740 1994 qui
761 1907 946 1992 supputandi
967 1918 1053 1981 sunt,
1080 1913 1172 1985 prout

187 2034 254 2076 sors
265 2011 422 2076 dictaverit
435 2034 490 2076 suo
501 2034 622 2096 semper
636 2015 744 2077 ordine
756 2016 962 2095 requirantru.
979 2009 1004 2068 Y
1018 2029 1091 2071 vero
1106 2029 1172 2068 sex-

185 2117 713 2201 tarrr1achivamquevocalem,(non
728 2115 940 2198 solum,quod
950 2113 1044 2174 modo
1064 2111 1172 2172 eedem

191 2223 318 2284 minime
331 2223 504 2308 indigemus
518 2223 640 2307 lingua,
670 2235 701 2284 et
727 2233 898 2284 nostratum
918 2216 1037 2302 regulas
1062 2215 1173 2277 ortho-

187 2325 375 2412 graphorum
394 2328 435 2390 ad
454 2327 582 2410 plenum
599 2349 662 2391 non
679 2328 893 2402 observamus,
919 2322 971 2386 sed
993 2323 1066 2406 quia
1091 2341 1173 2382 com·

188 2431 334 2514 peudiose
348 2436 450 2515 operis
464 2433 638 2513 studemus,
657 2431 883 2516 vulgariterque
902 2431 997 2492 nostri
1007 2425 1172 2490 ridiculum

190 2541 347 2615 exurere)
360 2539 618 2619 pretermisimus.
635 2539 784 2602 Ceterum
797 2547 1010 2612 consonantes,
1026 2534 1172 2617 quoniam

186 2641 321 2706 sedecim
332 2645 364 2704 in
377 2641 541 2724 alphabeto
552 2659 709 2708 remanent
724 2657 848 2726 excepta
861 2665 898 2718 o,
916 2663 1011 2726 quam
1021 2657 1172 2722 grammu-

187 2751 240 2811 tici
252 2769 471 2830 supervacuam
481 2753 654 2826 nominant,
679 2747 915 2830 quamqueideo
935 2767 997 2806 uon
1021 2761 1173 2806 annume-

186 2856 346 2931 ravimus,
360 2857 434 2936 quia
447 2868 634 2918 excurrente
648 2853 707 2916 sibi
722 2855 803 2916 socia
816 2898 824 2930 ,
839 2849 981 2914 videlicet
990 2869 1021 2926 u,
1034 2850 1098 2909 sine
1110 2865 1173 2927 qua

187 2961 254 3022 vim
267 2959 375 3022 littere
388 2962 518 3037 amittit,
532 2959 676 3043 perfacile
690 2957 741 3022 hic
756 2953 974 3041 comprehendi
997 2965 1097 3036 potest
1112 2997 1121 3026 ,
1143 2963 1173 3012 et

188 3077 332 3147 septenus
350 3064 487 3126 decimus
498 3085 645 3128 numerus
663 3063 703 3126 ud
720 3061 927 3148 peragendum
951 3057 1035 3142 quod
1044 3055 1174 3124 voleba-

188 3191 281 3245 suus,
296 3173 383 3252 quasi
399 3169 623 3234 embolissimus
642 3171 813 3234 videbatur.
838 3167 935 3251 igitur
956 3168 1033 3228 sicut
1054 3157 1174 3226 vocales

190 3277 369 3357 tetragonis,
385 3278 427 3338 ita
440 3292 638 3340 consonantes
658 3281 712 3339 uui
733 3272 948 3338 tautrunmodo
968 3271 1091 3351 trigonae
1116 3289 1175 3348 py-

190 3379 321 3476 ”midi’
343 3403 410 3464 ΨΜ
424 3397 555 3466 quatuor
578 3381 751 3463 superficies
764 3379 909 3454 haberet,
926 3379 1056 3438 inserere
1077 3389 1174 3452 opor-

112 3471 118 3480 ’
187 3473 250 3539 tet,
265 3475 330 3524 tta:
