2932 4974
1018 537 1169 554 fl

548 591 643 636 blm
660 588 788 636 ramus.
1107 577 1160 631 161

180 784 309 852 ceam,
326 755 422 832 nihil
435 756 585 854 gravius
597 777 715 850 quam
728 764 856 824 conus
867 753 1042 824 Ottonem
1063 771 1166 849 prae-

182 879 306 956 flrtum
323 878 539 976 Gogicensis
565 875 692 964 castri,
722 871 860 946 ferebat
893 875 959 970 qui
992 885 1093 944 tanta
1129 880 1167 943 et

184 1017 267 1076 tam
281 1001 414 1077 crebra
432 998 643 1070 incursione
665 994 841 1092 urgebat,
863 1008 908 1067 ut
924 1019 1050 1069 omnes
1068 998 1165 1097 agri-

183 1127 290 1204 colas
302 1123 498 1213 villarum,
515 1116 579 1190 sed
595 1131 632 1190 et
646 1119 759 1190 totius
773 1116 874 1192 urbis
889 1114 1057 1191 homines
1068 1118 1167 1194 fecis-

115 1340 135 1350 ·
182 1263 248 1324 set
263 1247 333 1320 sibi
347 1243 575 1333 tributarios,
593 1241 694 1336 Quin
709 1241 842 1331 etiarn,
861 1253 905 1311 ut
925 1241 1085 1338 graviori
1098 1245 1169 1316 -in-

184 1371 387 1446 sectatione
408 1377 607 1467 premeret,
629 1366 737 1462 juxta
753 1362 939 1456 viculum,
956 1367 1016 1438 cui
1029 1391 1168 1440 nomen

186 1493 408 1583 vinciacus,
423 1487 548 1588 (distat
570 1500 694 1570 autem
719 1485 767 1559 ab
790 1486 884 1562 urbe
907 1486 978 1562 bac
1008 1503 1170 1587 quatuor

184 1613 406 1712 millibus),
422 1625 583 1686 castrum
596 1613 743 1684 munire
757 1609 965 1686 festinabat:
983 1628 1020 1686 et
1032 1612 1172 1688 fecisset

185 1736 366 1839 quidem,
394 1737 651 1835 niepiseopus
673 1747 839 1835 tempore
860 1738 1071 1811 rescivisset.
1102 1737 1171 1811 lllo

186 1883 355 1959 namque
369 1856 409 1930 id
422 1859 633 1960 muniente,
649 1869 686 1930 et
699 1854 843 1930 diversa
856 1862 1074 1958 operositate
1083 1885 1173 1961 per·-

187 1984 363 2056 tina'eiter
379 1981 573 2073 moliente,
598 1981 744 2052 sinistro
764 1983 903 2053 nuncio
925 1982 1089 2080 pontifex
1108 2009 1174 2056 ex·-

189 2105 343 2198 citatus,
359 2127 428 2178 nec
441 2127 561 2194 mora,
575 2101 737 2201 praefatis
750 2104 950 2175 comitibus
970 2102 1174 2176 Godefrido

193 2240 309 2326 atque
322 2226 499 2318 Arnulfo,
518 2249 604 2298 cum
618 2223 698 2296 aliis
710 2223 1012 2299 Lotbariensibus
1031 2227 1175 2326 legatio·

191 2375 285 2424 nem
314 2353 430 2444 misit,
459 2362 503 2423 ut
533 2363 660 2422 coacto
690 2345 807 2422 milite
832 2346 880 2420 ad
905 2347 1174 2428 destruendum

191 2497 293 2572 opus
308 2473 376 2548 sibi
390 2474 584 2546 inimicum
601 2472 726 2544 venire
739 2469 966 2545 festinarent.
980 2474 1055 2567 Qui
1070 2491 1176 2549 caute

193 2595 337 2695 absque
354 2592 743 2695 comperendinatione
755 2598 912 2695 sumptis
926 2599 1054 2670 cuneis
1068 2615 1175 2674 nocte

190 2716 248 2792 ad
265 2719 480 2818 episcopum
494 2719 669 2808 veniunt,
685 2718 793 2815 eique
807 2715 985 2790 auxilium
1000 2722 1110 2792 nimis
1123 2747 1177 2795 co·

192 2842 367 2940 piosum,
386 2851 497 2937 atque
508 2840 620 2910 armis
634 2839 923 2910 munitissimum
940 2837 1077 2914 ferunt.
1094 2844 1177 2917 Ma-

194 2987 248 3034 ne
263 2963 388 3059 itaque
401 2959 514 3052 facto,
530 2963 721 3060 episcopus
740 2972 842 3032 tanta
856 2985 926 3060 ope
939 2973 1174 3060 sustentatus,

195 3081 344 3158 civibus
358 3107 507 3183 quoque
522 3085 597 3157 suis
609 3097 720 3183 atque
738 3087 882 3160 rusticis
899 3089 1095 3160 comitatus
1115 3089 1178 3161 lo-

195 3229 289 3278 cum
304 3207 521 3278 munitionis
535 3207 687 3298 invasit,
703 3201 938 3306 castrumque
953 3211 1128 3282 turritum
1142 3225 1179 3284 et

193 3329 282 3425 jam
308 3351 398 3425 pene
429 3325 648 3427 perfectum,
664 3327 744 3400 Deo
758 3327 978 3426 adjurante,
1002 3326 1180 3404 demolito

197 3473 351 3546 aggere,
367 3452 572 3550 eoaequavit
587 3451 719 3522 arenis.
737 3451 817 3523 Hoc
831 3451 865 3522 ei
882 3452 1079 3524 maximam
1102 3455 1181 3527 vir·-

195 3573 292 3646 tutis
325 3572 480 3670 gloriam
521 3575 676 3673 peperit.
711 3573 807 3646 Dein
850 3599 937 3648 vero
980 3589 1181 3674 tyrannum

196 3692 318 3770 modo
340 3693 482 3770 viribus
497 3696 699 3769 terrificans
718 3749 728 3788 ,
745 3697 858 3769 modo
872 3699 1185 3774 muneribuslac-

195 3833 312 3910 tans,
343 3820 540 3891 novissime
569 3818 786 3892 omnimodo
817 3818 1005 3894 devictum
1024 3823 1093 3894 sibi
1108 3849 1181 3920 pa-

193 3943 315 4034 cavit,
339 3944 465 4042 sicque
496 3967 625 4042 paoem
656 3958 692 4016 et
726 3945 888 4043 quietem
917 3943 1106 4044 publicam
1122 3967 1183 4014 re-

194 4063 396 4160 formans,
430 4091 524 4168 pene
557 4069 728 4140 omnium
748 4070 786 4140 in
805 4093 842 4142 se
854 4065 1181 4154 benevolentiam,

996 4211 1036 4260 11
