2906 4970
406 558 502 604 Ltnnn
521 557 671 604 TERTIUS.
951 513 1032 610 *il-33

385 785 553 968 top.
587 836 708 910 mx.

62 1078 176 1121 Ioum
193 1080 335 1122 macero
351 1078 608 1130 arrnormotmnrr
622 1079 735 1120 PORTAS
751 1080 892 1128 curnam,
906 1083 1033 1136 11)Εοοπ

84 1157 219 1198 mmm·
234 1159 274 1198 An
291 1161 393 1199 NOVUM
411 1159 583 1198 claraeval
599 1159 620 1197 8.
638 1159 756 1205 MARIAE,
779 1160 896 1200 ΜΛΝΕΝΒ
913 1161 1033 1208 ΙΒΙΒΕΜ.

83 1235 199 1276 ΜΝΕΩΔ
206 1237 478 1282 cannamomum!
488 1237 721 1281 FLANBRENSIBH.
728 1237 831 1278 morta
839 1237 900 1278 CUM
909 1239 1027 1285 GLORIA.

81 1313 297 1355 tnnonucmsn
315 1319 345 1357 ut
363 1317 524 1358 elvirum!
537 1315 787 1365 emonensem,
798 1317 932 1360 tomani:
946 1317 1028 1362 IGNO·

81 1391 198 1434 titulos!
214 1394 354 1436 mmo.

62 1563 224 1680 lorcam
241 1604 331 1678 dum
354 1603 436 1680 haec
452 1618 667 1704 agerentur,
684 1631 803 1680 novus
819 1609 958 1683 civitati
972 1633 1031 1710 ap-

59 1734 279 1830 propinquat
295 1733 503 1830 episcopus,
523 1731 584 1802 cui
598 1727 786 1802 lohannes
800 1757 886 1804 cum
900 1745 1030 1830 parato

59 1875 247 1927 occurrens
262 1855 439 1943 exercitu,
455 1867 578 1951 portas
596 1852 738 1943 clausit,
749 1865 786 1923 et
799 1853 910 1951 longe
920 1855 1030 1954 repel·

60 1973 97 2046 lit
114 1977 159 2049 ab
177 1981 348 2050 introitu.
364 1979 567 2074 Episcopus
585 1977 710 2073 itaque
725 1974 773 2046 ad
789 1977 1032 2050 Novum-Cae

61 2098 179 2172 tellum
195 2103 232 2172 S.
248 2101 373 2172 Mariae
389 2097 594 2188 divertens,
614 2121 699 2168 cum
712 2095 1033 2171 honoreetlaetitia

59 2223 229 2320 recipitur
245 2224 373 2312 asnis,
393 2219 520 2317 ibique
540 2215 759 2316 aliquandiu
781 2221 932 2310 mansit,
957 2217 1033 2290 do-

61 2367 121 2416 nec
134 2342 421 2417 Flandrensium
436 2363 574 2432 comes,
594 2341 634 2409 B.
662 2365 682 2411 a
705 2365 788 2438 rege
803 2343 1033 2414 Francorum

60 2481 255 2559 revertens,
273 2481 309 2540 et
323 2491 389 2565 per
405 2467 526 2562 ipsum
541 2461 739 2534 Castellum
755 2465 949 2536 transitum
970 2462 1035 2536 lra-

61 2585 155 2681 bens,
175 2615 262 2662 eum
276 2590 328 2662 ibi
343 2588 543 2677 invenerit,
557 2599 593 2658 et
609 2583 655 2656 de
672 2588 856 2685 episcopio
873 2589 951 2686 ejus
966 2587 1034 2660 lae-

63 2722 111 2782 tue
131 2710 298 2804 effectus,
320 2734 437 2808 usque
460 2705 509 2779 ad
529 2708 714 2779 civitatem
735 2709 1034 2780 Cameracensem

61 2855 138 2904 eum
152 2859 278 2906 secum
294 2831 458 2904 deduxit.
477 2833 606 2901 Comes
620 2853 707 2902 vero
723 2827 814 2900 dum
835 2826 882 2899 ad
905 2831 1036 2902 civita-

61 2966 127 3026 tem
143 2957 432 3056 propinquaret,
455 2948 647 3022 mandavit
679 2947 844 3020 Johanni
879 2963 922 3022 ut
957 2953 1036 3050 ipse

60 3089 92 3147 et
116 3080 172 3150 sui
198 3103 220 3148 a
240 3079 386 3150 civitate
407 3076 565 3164 exirent,
592 3085 627 3144 et
654 3071 814 3144 liberum
840 3075 1036 3147 introitum

62 3202 228 3301 episeopo
235 3198 397 3272 venienti
411 3197 680 3295 permitterent.
691 3196 712 3265 J
715 3192 879 3265 ohannes
896 3210 1033 3290 autem,

63 3325 145 3417 quia
172 3319 424 3395 contradicere
455 3343 563 3389 ausus
590 3343 667 3389 non
700 3329 797 3406 erat,
821 3313 1039 3413 adimplevit

61 3447 202 3516 comitis
225 3443 369 3515 domini
387 3443 442 3514 sui
458 3437 675 3511 mandatum
694 3465 761 3538 per
778 3439 921 3527 omnia,
945 3437 1039 3509 sicut

58 3567 178 3664 jussus
192 3567 324 3639 fuerat.
342 3568 496 3638 Intravit
511 3565 623 3662 igitur
640 3566 830 3662 episcopus
853 3561 1038 3632 civitatem

61 3715 184 3784 auam,
207 3691 302 3763 duee
325 3693 476 3782 comite,
500 3713 586 3761 cum
608 3711 743 3782 magna
760 3685 898 3782 gloria,
920 3695 1040 3755 etex-

61 3809 187 3908 pulsus
201 3826 255 3885 est
271 3811 498 3889 adversarius
516 3813 595 3912 ejus
614 3808 802 3886 lohannes
821 3831 907 3882 cum
927 3807 1039 3903 igno-

62 3937 176 4009 minia
193 3961 341 4033 magna.
