2902 4972
771 574 842 620 m.
862 574 996 620 Atreus

692 809 854 990 tal.
935 849 1036 927 xv.

394 1147 433 1188 DE
453 1146 610 1188 commus
632 1147 798 1188 FLANDNAE·
821 1147 860 1188 DE
878 1147 968 1190 omn
991 1149 1019 1188 Ι).
1044 1148 1213 1192 runcum
1230 1149 1349 1194 mn

563 1229 601 1268 DE
619 1227 758 1266 ADVENTU
773 1221 916 1266 outconu
932 1228 962 1268 ΙΝ
979 1228 1058 1267 EAM}
1075 1229 1204 1274 TBRMN.

397 1401 502 1514 Hoc
519 1442 568 1512 ita
585 1439 712 1532 finito,
730 1451 811 1538 post
826 1437 1065 1528 multimodas
1079 1444 1208 1542 patriae
1224 1455 1350 1542 pertur-

393 1563 580 1654 bationes,
596 1588 658 1636 rex
672 1565 902 1635 Francorum
916 1561 1080 1636 Atrebati
1094 1567 1259 1656 veniens,
1270 1565 1349 1662 juve·

394 1712 480 1759 nem
502 1685 688 1785 quendam
708 1684 945 1758 nobilissimas
968 1685 1122 1778 indolis,
1144 1685 1346 1760 Willelmum

392 1809 671 1902 Normannum,
702 1808 853 1880 Roberti
879 1811 1021 1881 comitis
1048 1811 1346 1896 Normannornm,

392 1931 587 2033 fratrisque
599 1934 692 2029 regis
707 1931 912 2030 Anglorum
928 1929 1067 2026 filium,
1085 1935 1253 2005 comitem
1260 1931 1346 2003 Flan·

392 2053 483 2126 driae
499 2055 701 2129 constituit.
718 2055 810 2146 Qui,
830 2077 906 2124 non
921 2053 1039 2125 multo
1057 2069 1159 2154 post,
1179 2080 1287 2154 quum
1302 2051 1349 2122 ri·

391 2178 509 2250 riliter
541 2191 669 2250 contra
699 2177 902 2262 resistentes
933 2191 1079 2274 ageret,
1114 2191 1152 2250 et
1182 2173 1345 2250 castellum

391 2299 581 2398 quoddam
596 2300 664 2373 sibi
680 2324 903 2398 repugnans,
920 2297 1113 2372 obsidione
1126 2302 1228 2398 gravi
1244 2297 1347 2398 oppri-

391 2439 526 2516 meret,
542 2424 665 2496 subito
682 2419 809 2494 lethali
828 2421 982 2494 vulnere
1002 2423 1039 2492 in
1061 2411 1176 2494 manu
1199 2431 1345 2520 accepto,

388 2550 465 2622 vita
490 2548 676 2645 privatur,
701 2559 739 2616 et
770 2541 872 2643 apud
892 2547 927 2614 S.
954 2545 1164 2636 Bertiuum,
1191 2569 1263 2615 non
1285 2543 1346 2614 sine
1424 2569 1425 2583 ¹

391 2697 526 2770 magno
542 2670 668 2742 dolore
685 2695 856 2760 suorum,
877 2696 962 2742 cum
980 2669 1132 2770 planctu
1150 2669 1256 2742 etiam
1278 2667 1345 2740 hos·
1423 2685 1424 2691 ’

389 2797 483 2867 tium
510 2795 698 2894 sepelitur.
720 2797 804 2866 l'ost
827 2791 929 2866 hunc
948 2791 1201 2868 Tlreodoricus
1215 2789 1344 2893 quidam

389 2915 586 3008 chlsair,
617 2917 662 2988 de
691 2942 824 3014 genere
852 2913 1136 2990 Flandrensium
1168 2919 1343 3002 comitum,

389 3043 452 3140 qui
465 3043 543 3140 jam
560 3041 701 3140 aliquas
720 3055 842 3139 partes
858 3037 1044 3112 Flandriae
1059 3039 1129 3112 sibi
1153 3038 1345 3114 vinditave-

388 3179 463 3256 rat,
487 3189 530 3236 eo
564 3179 734 3254 mortuo,
764 3177 881 3235 totam
910 3178 1043 3236 terram
1065 3163 1242 3264 possedit,
1260 3159 1345 3261 assic

389 3285 539 3360 demum
555 3285 731 3360 Flandria
745 3288 898 3386 quievit.
1262 3264 1265 3273 ⁵

434 3412 483 3482 D.
503 3415 693 3512 episcopus
709 3409 962 3504 Burchardus‚
977 3425 1217 3511 posteaquam
1232 3433 1288 3484 xvi
1300 3429 1344 3476 an·

387 3535 442 3606 nis
471 3537 768 3616 cameracensem
800 3533 988 3610 ecclesiam
1019 3536 1138 3626 rexit,
1169 3555 1265 3608 anno
1290 3525 1342 3600 Dei

387 3654 522 3728 Christi
540 3683 566 3730 u
580 3685 599 3729 c
614 3670 730 3749 xxrx⁰,
746 3656 869 3757 pridie
883 3679 998 3729 nonas
1012 3657 1195 3757 januarii,
1211 3657 1281 3728 vita
1294 3674 1343 3722 et·

387 3775 533 3867 cedens,
544 3781 812 3853 inmonasterio
825 3784 861 3852 S.
878 3782 1005 3852 Mariae
1020 3778 1207 3878 sepelitur.
1223 3779 1268 3872 Et
1278 3781 1342 3874 posi

386 3925 472 3973 eum
491 3901 640 3975 ecclesia
656 3905 734 4002 ipsa
755 3903 941 3978 mensibus
961 3927 1006 3978 xv
1027 3901 1223 4001 episcopali
1246 3895 1342 3974 caruil

386 4021 716 4098 administratione.
