3044 4968
341 537 400 592 iliii
647 538 767 585 onnon.
786 537 864 586 GM.
882 540 925 586 ΕΤ
940 538 1018 586 Ana.

342 730 428 778 rum
444 701 657 804 proficiens,
676 714 801 800 postea
817 699 868 774 ad
879 705 1093 802 episcopum
1107 702 1177 776 sub
1201 706 1326 803 specie

341 825 529 899 fidelitatis
541 825 730 898 remeavit.
749 826 823 916 Qui
837 826 948 898 etiam
970 829 1124 900 versutis
1145 826 1326 900 factioni-

342 947 413 1022 bus
432 963 542 1047 atque
561 945 838 1023 adulationibus
858 946 927 1020 sub
942 945 1106 1047 quadam
1125 950 1246 1047 speeie
1263 947 1327 1022 fa-

344 1070 581 1162 miliaritatis,
597 1072 753 1168 gratiam
770 1071 932 1170 episcopi
948 1070 1019 1142 sibi
1038 1071 1323 1166 emercabatur,

343 1195 451 1294 eique
462 1189 663 1292 aliquando
673 1193 870 1290 suspiciosa
883 1205 919 1264 et
930 1193 1119 1266 verisimili
1132 1217 1328 1268 commen-

345 1317 483 1388 tatione
506 1313 609 1386 dolos
640 1311 946 1406 machinabatur,
970 1339 1130 1388 asserens
1152 1313 1327 1390 videlicet

343 1439 555 1536 Rayuerum
568 1435 1329 1539 atqueLantbertumadbonaepiscopide·

345 1559 521 1634 vastanda
542 1562 678 1660 parari.
702 1561 808 1631 Hanc
824 1561 949 1660 itaque
971 1559 1059 1634 false
1082 1564 1325 1661 compositam

345 1686 613 1782 suggestionem
622 1680 1048 1782 praesulvereaccipiens,
1063 1681 1168 1756 haud
1179 1682 1328 1758 medio-
1365 1671 1374 1680 ’

344 1807 399 1878 cri
415 1805 669 1878 sollicitatione
684 1803 1020 1902 constringebatur,
1037 1805 1180 1904 illique,
1199 1808 1228 1880 si
1248 1831 1327 1907 quo

344 1953 479 2026 genere
505 1929 644 2027 ingenii
665 1952 725 2001 eos
747 1928 915 2024 mitigare
938 1928 1076 2000 valeret
1090 1953 1137 2000 ne
1152 1930 1324 2024 veniant,

346 2053 676 2124 commutationem
703 2050 830 2124 multae
859 2049 1037 2124 mercedis
1065 2051 1325 2150 pollicebatur.

348 2175 421 2266 Qui
455 2176 625 2273 protinus
660 2172 709 2247 ad
742 2173 907 2246 falsitatis
939 2173 1049 2246 illatae
1079 2175 1329 2274 suspicionem

348 2293 663 2389 confirmandam,
691 2295 773 2367 illos
798 2293 951 2395 quidem
978 2293 1201 2393 mitigandos
1222 2294 1326 2368 adire

346 2441 385 2489 se
409 2401 605 2510 simulans,
634 2417 809 2492 aliorsum
837 2415 1018 2511 declinat,
1049 2433 1087 2492 et
1107 2419 1329 2520 paulopost

347 2565 513 2614 remeans
524 2543 628 2640 quasi
647 2543 843 2640 impetrata
863 2567 953 2640 pace
974 2544 1152 2642 promissa
1172 2541 1242 2616 sibi
1263 2567 1327 2615 re-

348 2664 478 2760 poscit.
495 2665 592 2736 Huic
605 2664 729 2763 itaque
745 2677 782 2737 et
804 2663 884 2736 aliis
906 2667 1109 2764 perniciose
1129 2663 1325 2738 illudenti-

347 2781 418 2856 bus
433 2798 534 2860 tanta
555 2765 759 2886 impendit,
783 2799 826 2857 ut
843 2783 969 2860 adhuc
981 2785 1083 2860 sedes
1097 2786 1325 2886 episcopalis,

346 2902 411 2977 sed
430 2920 467 2977 et
485 2909 605 2978 omnis
634 2905 810 3004 parochia
828 2932 865 2980 se
887 2905 1069 2982 divulsam
1089 2909 1329 3006 ingemiscere

347 3027 530 3102 videatur.
547 3027 624 3102 Sub
637 3026 708 3102 hac
721 3031 833 3102 etiam
849 3032 968 3129 specie
990 3033 1067 3130 ipse
1089 3027 1330 3104 Heriwardus

346 3148 554 3223 advocatias
582 3149 856 3249 aliquantarum
883 3153 1082 3237 villarum,
1118 3154 1222 3252 quasi
1255 3176 1330 3252 pro

347 3270 576 3366 defensione,
591 3276 842 3374 praesumpsit,
858 3273 922 3348 sed
939 3275 1137 3375 plusquam
1151 3275 1331 3348 inimicus

347 3395 495 3496 praedo,
514 3395 666 3471 assiduis
682 3395 932 3472 exactionibus
949 3396 1163 3472 devastavit.

639 3561 796 3745 illut).
869 3619 1037 3696 xc1x.

347 3803 386 3846 D!
399 3803 489 3846 olm
502 3803 648 3846 mmm
661 3806 807 3854 Bmssol’l,
820 3809 858 3848 ΒΤ
871 3808 941 3858 oum
950 3809 980 3850 ll!
990 3809 1214 3852 “tantalon
1232 3811 1331 3854 m

508 3877 610 3918 »1va
627 3878 731 3917 amnas
745 3879 784 3917 ΑΙ)
798 3877 900 3919 norun
911 3879 981 3920 Mil!
996 3881 1159 3940 ossanna.

350 3977 440 4094 Sus
457 4019 569 4122 lgujus
585 4036 708 4100 autem
726 4037 912 4126 tempore,
929 4025 1086 4102 arnulfo
1100 4051 1198 4120 sene,
1215 4025 1333 4100 Flan-
