2906 4970
800 513 1179 524 --α-υ-ο---υ-υ--ι--ο-
1191 516 1207 523 -ι
1221 517 1230 522 -
1260 517 1297 524 --ι

308 555 370 608 588.
604 563 724 609 onnon.
744 561 824 608 cmu.
843 563 885 606 nr
904 561 981 607 Aru.

498 771 504 780 .
625 833 784 1015 (lap.
843 871 966 948 rvr.

308 1181 490 1221 Lmrunnrus
507 1179 534 1220 G.
550 1179 712 1221 ruscorum
726 1177 895 1220 annnorum
909 1177 1031 1218 cmm
1046 1177 1191 1218 Anmvnn.
1212 1180 1294 1221 ΠΛΕ-

335 1261 428 1299 mus
441 1259 647 1298 CASTELLANU!
655 1259 693 1296 An
703 1257 825 1298 lllffllffl
833 1255 999 1298 occmtrtm.
1013 1257 1083 1296 ntus
1099 1256 1190 1298 vtnun
1200 1259 1294 1300 Nffl'l'

335 1337 441 1375 solnm
461 1337 617 1398 ADVOCA'J'O
636 1333 1187 1382 arnnnnunu81.ott1casnttmrttnffl
1207 1338 1227 1378 A
1243 1339 1292 1378 GE-

334 1413 433 1454 nanno
451 1413 592 1454 nrtscoro
609 1411 779 1452 luctuum
796 1411 973 1453 munemne.

313 1647 406 1758 nrs
419 1685 574 1782 acceptis
589 1681 793 1754 honoribus
816 1683 867 1754 ita
887 1681 1081 1773 utebatur,
1104 1695 1148 1753 ut
1167 1683 1290 1781 majo-

313 1805 416 1877 ribus
437 1803 668 1902 perfruendis
688 1802 837 1904 dignior
850 1802 1095 1903 judicaretur.
1112 1807 1197 1876 Post
1217 1803 1291 1876 ali-

314 1943 497 2024 quantum
524 1951 610 2002 vero
635 1928 824 2026 temporis,
839 1930 908 2026 ipsi
921 1925 1087 2000 Gerardo
1100 1925 1290 2028 pontifici,

313 2051 548 2146 vergentibus
561 2053 666 2123 annis
681 2048 730 2123 ad
744 2063 1098 2144 occasum,senectus
1112 2049 1290 2150 obrepsit,

316 2197 384 2269 pro
399 2199 473 2270 qua
494 2171 652 2246 debilior
668 2175 747 2271 jam
768 2171 880 2245 fiebat
902 2197 923 2244 a
942 2175 1058 2272 priori
1077 2187 1195 2264 statu,
1215 2185 1291 2244 tam

317 2295 355 2364 in
376 2294 510 2368 divinis
532 2297 712 2392 mysteriis
736 2319 850 2392 quam
867 2297 907 2365 in
926 2293 1098 2368 humanis
1120 2295 1289 2392 negotiis.

317 2416 386 2490 Sed
399 2420 441 2488 L.
459 2443 571 2516 quem
592 2444 613 2489 a
634 2441 751 2516 puero
773 2415 979 2510 nutriebat,
1002 2443 1114 2516 quem
1136 2415 1295 2490 honori-

317 2537 387 2610 bus
404 2538 642 2632 exaltaverat,
659 2541 698 2608 in
712 2550 872 2636 utroque
892 2536 1000 2610 valde
1019 2564 1105 2612 eum
1120 2539 1291 2639 juvabat.

318 2659 460 2734 Accidit
474 2663 631 2752 interea,
647 2673 690 2732 ut
706 2659 919 2752 Gualterus,
932 2663 1200 2736 Cameracensis
1213 2689 1295 2738 cas-

320 2783 489 2875 tellanus,
512 2783 559 2855 ab
588 2783 746 2854 inimicis
774 2784 847 2854 suis
876 2782 1087 2856 interfectus
1107 2786 1292 2878 interiret,

319 2908 547 3002 unicumque
561 2903 680 2974 filium
696 2929 781 2976 cum
795 2926 907 2974 uxore
923 2927 989 2976 sua
1002 2909 1212 3003 superstites
1224 2909 1294 2982 sibi

321 3026 557 3124 relinqueret.
575 3028 665 3118 Quae
681 3022 834 3122 quidem
849 3047 954 3115 uxor,
972 3027 1300 3102 Ermentrudisno-

320 3153 440 3238 mine,
457 3148 504 3220 ab
530 3150 671 3221 insania
697 3149 821 3220 mariti
843 3149 900 3218 sui
928 3170 1005 3218 non
1033 3153 1203 3244 cessavit,
1232 3151 1297 3226 sed

318 3297 386 3372 per
402 3275 526 3372 pejora
544 3298 702 3372 quaeque
719 3271 913 3362 oberrans,
935 3273 1059 3344 mariti
1083 3275 1139 3344 sui
1162 3279 1297 3372 nequi-

320 3398 386 3468 tias
410 3395 678 3494 superexcellit.
707 3397 754 3466 Et
782 3395 870 3492 quia
893 3393 1071 3466 malitiam
1092 3421 1232 3494 perse,
1255 3413 1298 3470 ut

318 3517 487 3608 volebat,
518 3543 683 3590 exercere
709 3540 785 3586 non
813 3515 956 3613 potuit,
975 3513 1073 3588 filius
1092 3519 1193 3588 enim
1219 3521 1299 3616 ejus

320 3629 414 3736 puer
428 3653 525 3732 erat,
541 3653 747 3736 tyrannum
764 3635 971 3737 quendam,
988 3639 1137 3709 nomine
1151 3637 1299 3712 Johau-

321 3783 428 3851 nem,
454 3759 674 3834 advocatum
690 3759 984 3852 Atrebatensem,
1007 3759 1076 3832 sibi
1100 3763 1139 3831 in
1161 3763 1299 3859 conju-

320 3883 423 3980 gium
455 3883 660 3981 copulavit,
694 3885 825 3984 suique
854 3897 890 3956 et
921 3883 989 3956 lilii
1010 3885 1066 3956 sui
1091 3897 1296 3981 patronum

320 4027 395 4078 esse
426 4007 629 4079 constituit.
652 4005 768 4080 Filius
798 4020 923 4082 autem
952 4005 1014 4083 ille
1036 4031 1120 4082 mox
1138 4019 1298 4080 mortem
