2906 4970
461 591 556 637 uranu
581 589 731 638 renatos.
1026 581 1084 636 543

105 756 314 846 comitissae,
330 755 445 853 coepit
460 777 603 846 amare,
618 775 774 850 eamque
798 754 1013 850 conjugium
1031 753 1083 825 si-

103 875 144 948 bi
158 875 249 949 velle
264 873 399 974 cupide
416 872 604 972 copulare.
625 870 696 945 Sed
717 875 805 971 quia
823 875 1082 946 excommuni-

103 1013 225 1090 catus,
242 994 454 1096 quomodo,
469 1021 616 1096 quaque
637 997 780 1068 ratione
807 992 847 1066 id
871 994 1079 1093 perficeret,

103 1120 301 1194 nesciebat.
318 1115 494 1192 lucendio
507 1115 692 1217 siquidem
704 1117 859 1190 carnalis
873 1119 1008 1190 amoris
1022 1117 1080 1192 dc·

102 1244 247 1332 victus,
270 1238 318 1312 ad
344 1238 558 1330 Riobeldem
582 1241 803 1312 comitissam
826 1237 1080 1337 progreditur,

103 1363 243 1437 obnixe
258 1362 450 1436 obsecrans
467 1387 565 1454 eam,
586 1377 630 1435 ut
647 1362 717 1435 sibi
742 1364 783 1432 in
801 1363 1082 1435 matrimonium

99 1482 482 1584 conjungeretAdam,
492 1499 640 1584 neptem
655 1509 774 1556 suam.
786 1488 832 1558 At
841 1482 904 1556 illa
911 1483 1082 1583 precibus

101 1609 133 1707 ej
140 1631 182 1679 us
200 1604 361 1700 devicta,
379 1604 427 1678 ad
444 1606 620 1680 ultimum
633 1608 767 1678 annuit
786 1604 888 1705 quod
912 1606 1080 1705 petebat,

102 1729 131 1802 si
166 1729 270 1828 prius
303 1727 492 1801 absolutus
522 1743 613 1802 esset
646 1725 899 1820 anathemate,
930 1753 1007 1828 quo
1033 1729 1082 1802 ab

102 1852 276 1951 episcopo
289 1852 540 1925 cameracensi
554 1853 699 1926 vinctus
713 1863 804 1922 orat.
814 1847 913 1942 Quid
928 1850 1083 1924 faceret?

102 1971 382 2046 Absolutionem
401 1999 479 2046 non
499 1973 653 2048 curabat
673 1996 919 2073 magnopcr03
948 1975 1083 2072 quaerit

103 2105 228 2166 tamen
250 2119 331 2168 eam
353 2096 400 2168 ab
423 2098 595 2196 episcopo
622 2119 690 2196 per
722 2095 993 2185 internuntios,
1021 2093 1085 2167 dc-

103 2213 238 2288 siderio
252 2215 385 2289 ardens
407 2218 614 2315 concupitae
635 2213 785 2315 puellae.
807 2217 922 2286 Porro
942 2215 1085 2315 episco-

103 2363 171 2437 pus
183 2336 357 2436 fatigatus
372 2334 602 2410 multimodis
619 2337 764 2435 injuriis
781 2337 879 2434 ejus,
897 2334 1084 2411 absolvere

103 2484 187 2531 eum
208 2457 377 2551 nolebat,
394 2460 464 2530 nisi
481 2460 584 2558 prius
600 2456 850 2530 dimissionem
866 2483 982 2531 manu
998 2485 1084 2560 pro·

104 2581 183 2678 pria
200 2577 329 2680 (quod
351 2593 388 2650 et
405 2579 518 2678 vulgo
539 2585 681 2677 werpire
701 2577 860 2678 dicitur)
884 2579 1018 2655 faceret
1041 2608 1083 2656 ex

106 2703 206 2774 omni
220 2698 424 2794 beneficio,
441 2699 544 2801 quod
560 2701 656 2774 infra
675 2703 857 2774 ambitum
878 2705 1084 2778 Cameracae

106 2823 261 2896 civitatis
274 2821 447 2895 habebat.
466 2825 576 2922 Hugo
589 2847 691 2915 vem,
711 2821 759 2896 ad
777 2822 953 2896 ultimum
973 2824 1084 2896 ambi·

107 2947 203 3018 tione
214 2946 427 3045 juvenculae
441 2946 712 3040 inflammatus,
730 2946 815 3020 fecit
836 2949 1008 3048 episcopo
1030 2973 1084 3022 se·

107 3065 274 3141 cundum
290 3069 480 3167 optionem
496 3071 586 3166 ejus.
612 3071 793 3168 Werpivit
813 3067 936 3168 palam
959 3073 1084 3142 omni-

107 3187 196 3283 bus,
214 3203 395 3289 praesente
411 3194 602 3290 episcopo,
618 3193 766 3288 suisque
781 3189 979 3284 militibus,
997 3217 1085 3291 prae·

108 3325 205 3386 sente
219 3313 401 3386 comitissa
414 3315 461 3385 R.
472 3313 620 3410 suisque
632 3310 885 3411 principibus,
904 3313 1085 3412 quicquid

108 3429 269 3508 babebat
283 3432 456 3506 beneficii
472 3432 570 3504 infra
583 3435 768 3506 civitatem
782 3433 899 3530 ipsam
916 3435 1086 3508 Camera-

109 3559 159 3650 ci,
186 3561 311 3657 sicque
338 3557 549 3648 absolutus,
571 3554 787 3628 fidelitatem
807 3556 981 3657 episcopo
1000 3556 1086 3634 fecit

110 3678 154 3752 de
170 3681 323 3778 reliquis
350 3680 590 3754 castellaturae
614 3679 742 3772 bonis,
768 3678 917 3752 atinde
942 3679 1086 3757 obsides

108 3803 226 3886 dedit.
244 3807 332 3878 Haeo
348 3819 473 3879 autem
495 3803 651 3878 fidelitas
671 3829 747 3876 non
770 3801 836 3876 diu
858 3805 979 3879 catab
1005 3809 1086 3906 ipso

109 3925 155 3998 Η.
182 3927 390 4023 observata,
407 3931 495 4028 quia
515 3931 555 4000 in
575 3928 690 4002 natali
712 3931 748 4000 S.
764 3927 923 4002 Andreae
942 3932 1087 4027 jureju-

110 4049 229 4126 rando
266 4056 503 4152 promissam,
541 4052 691 4154 infregit
716 4078 798 4130 eam
826 4053 852 4124 ii
882 4049 972 4127 seria
1004 4065 1087 4151 post
