2906 4970
948 520 1129 532 -ι-μ

509 571 765 616 nrnrarnnrrus.
1071 561 1128 614 325

154 730 286 804 donem
302 731 348 805 de
362 733 459 822 vido*
472 736 538 832 qui
552 733 739 806 ecclesium
754 734 993 830 S.Gaugeriei
1008 733 1047 802 in
1063 729 1124 803 ad·

152 857 381 927 vocationem
396 855 557 944 tenebat,
569 879 681 954 quarn
695 858 805 928 nimis
815 855 1010 952 affligebat,
1029 855 1126 926 mul-

151 979 194 1048 tis
209 979 420 1050 convictum
439 979 629 1076 nequitiis,
650 1003 671 1048 a
694 979 839 1050 civitate
863 977 1014 1075 expulit.
1036 980 1125 1048 Erat

151 1097 528 1182 enimiraudulentus
546 1098 673 1189 valde,
702 1111 739 1170 et
763 1098 903 1171 alienus
930 1123 951 1170 a
977 1101 1128 1170 veritate

151 1235 188 1293 et
202 1219 380 1293 fidelitate
393 1223 518 1320 ipsius.
536 1225 719 1321 Campum
734 1235 862 1293 contra
874 1246 960 1292 eum
974 1223 1127 1318 accepit,

152 1342 254 1415 unde
276 1369 312 1416 se
336 1343 546 1434 recredidit,
572 1359 608 1416 et
629 1345 795 1443 legaliter
812 1343 892 1435 fiet,
912 1341 1004 1414 dum
1019 1368 1129 1415 suum

152 1461 386 1561 adjudicatus
399 1463 562 1564 perdidit
565 1517 1022 1538 ............

475 1687 633 1872 dap.
694 1746 801 1820 nn.

175 2013 331 2056 (θΙΙΔΙῦῐΙΙ
345 2015 501 2058 nuscum
518 2015 925 2060 consummantium!
942 2017 1104 2060 nccnnsun

176 2097 198 2135 8.
220 2095 324 2138 ffllAE
344 2096 461 2136 nuens
479 2097 600 2137 Imm
621 2097 792 2147 manuus,
810 2099 849 2138 m·
871 2098 1023 2138 nuaumuu
1040 2101 1062 2138 8.
1084 2098 1132 2138 VE-

177 2175 273 2214 Dffl‘l.

151 2373 646 2502 1).Gerardusepisc0pus
675 2399 944 2474 dedicationem
973 2402 1131 2476 ecelesiae

152 2533 353 2606 inhonore
375 2529 411 2598 S.
431 2527 500 2598 Dei
516 2523 701 2623 genitricis
723 2525 848 2598 Mariae
864 2525 1050 2622 facturus,
1069 2553 1131 2601 re-

151 2657 272 2730 movit
288 2653 402 2724 altare
416 2675 437 2720 a
451 2649 604 2749 proprio
617 2647 720 2743 loco,
737 2662 774 2721 et
796 2648 921 2722 effossa
939 2664 1035 2724 terra
1049 2677 1132 2750 quae

151 2783 250 2855 circa
267 2788 364 2866 erat,
382 2773 509 2844 multae
526 2785 737 2844 sanctorum
752 2771 1133 2871 reliquiaeibidemre-

150 2916 267 3002 pertae
281 2909 381 2970 sunt.
393 2897 547 2996 Insuper
564 2891 760 2966 brachium
776 2892 990 2967 confessoris
997 2893 1133 2968 Christi

150 3023 321 3110 vedasti,
339 3032 375 3090 et
391 3043 467 3090 non
492 3013 638 3089 modica
657 3041 742 3116 para
767 3014 814 3088 de
841 3020 959 3116 capite
988 3021 1066 3116 ejus
1097 3033 1133 3091 et

152 3141 380 3246 quibusdam
400 3138 587 3212 membris.
608 3141 826 3211 Consecrata
848 3152 901 3211 est
921 3141 1034 3236 igitur
1056 3143 1134 3240 ipsa

152 3264 548 3350 ecclesiasolemniter,
564 3285 589 3330 11
604 3282 694 3331 non.
711 3261 877 3356 jandan,
890 3265 1128 3358 apportatus.

152 3391 302 3466 Vedasti
321 3410 496 3489 corpore,
519 3407 606 3456 eum
629 3380 708 3454 aliis
735 3381 868 3453 sanctis
896 3405 918 3452 a
945 3381 1134 3456 monachis
