2932 4974
460 597 553 642 llllili
574 597 702 644 emm.
1016 601 1068 655 ΠΙ

83 756 184 832 sedis
198 760 427 859 episcopum,
444 756 633 850 adierunt,
648 781 692 830 eo
710 759 881 836 videlicet
888 775 1069 866 tempore,

84 905 164 980 quo
177 881 279 954 Dani
294 903 362 980 per
374 881 552 954 viciniam
565 877 678 978 hujus
698 877 896 957 dioeceseos
918 889 1071 962 misera..

83 1001 216 1076 biliter
244 999 470 1093 saeviebant,
499 997 870 1098 implorantum,
905 1020 947 1078 ut
979 1012 1068 1107 quia

83 1135 206 1196 tantae
220 1121 312 1194 moli
324 1124 497 1221 impares,
514 1135 590 1194 tam
604 1120 761 1196 arduam
776 1149 922 1200 causam
935 1127 1071 1229 absquo

84 1245 314 1320 auctoritate
331 1244 491 1344 episcopi
505 1255 686 1318 attentare
699 1243 969 1343 formidabant,
987 1275 1073 1324 cor-

83 1391 161 1465 pus
173 1368 214 1438 S.
230 1361 378 1438 vedasti
391 1365 587 1464 querutum
602 1389 624 1437 a
640 1365 722 1438 loco
744 1382 908 1444 moveret
936 1383 973 1446 ct
994 1375 1069 1450 im·-

82 1489 256 1589 positum
272 1485 427 1579 feretro,
450 1511 520 1586 pro
540 1503 643 1562 metu
661 1489 874 1584 Bonorum,
897 1491 946 1566 ud
966 1492 1070 1568 defe-

87 1606 251 1684 rendum
287 1609 463 1684 aliorsum
495 1626 655 1711 pararet.
695 1615 767 1706 Qui
802 1639 957 1690 suorum
983 1631 1070 1698 vota

90 1745 344 1832 competenter
358 1730 586 1834 praevidens,
603 1759 761 1835 quaeque
775 1738 956 1836 rogabant
971 1739 1071 1814 fami·

88 1853 228 1930 liariter
239 1855 428 1958 implevit,
443 1855 640 1958 studioque
663 1883 740 1932 susc
754 1863 982 1936 auctoritatis
1004 1864 1070 1938 illo

91 1981 352 2076 pretiosissimo
385 1976 557 2052 thesauro
580 1979 631 2053 ad
654 1980 842 2056 ecclesiam
869 1983 1070 2058 Bclvacen-

92 2103 205 2193 sium,
223 2100 447 2177 circumfusa
462 2099 704 2176 multitudiue
720 2102 858 2200 plebis,
874 2105 1069 2198 translato,

92 2221 141 2296 ab
155 2221 290 2298 eudem
304 2223 482 2298 fratribus
496 2219 625 2296 laudes
639 2235 676 2295 et
689 2225 893 2322 gratiarum
911 2229 1072 2302 actiones

93 2345 1072 2446 murinas,competentijure‚mscepit.Postdissitudi·

98 2491 180 2540 nem
206 2493 296 2544 vero
325 2469 528 2567 longissimi
556 2469 749 2566 temporis,
778 2471 883 2542 terris
915 2469 1068 2570 quidem

96 2589 284 2666 Dauos-um
302 2591 466 2666 obtem
483 2593 634 2692 quietis,
652 2617 739 2665 cum
757 2590 871 2664 iidem
893 2593 1068 2669 monachi

98 2729 259 2788 unctum
273 2737 408 2813 corpus
424 2713 472 2787 ud
486 2715 679 2816 pristinam
694 2712 819 2787 ecdem
839 2713 973 2788 referre
990 2715 1069 2790 dis-

98 2851 294 2931 ponerent,
323 2835 561 2937 B..pontifice
577 2833 806 2910 Theoderico
820 2838 899 2934 jam
921 2835 1069 2912 dudum

100 2951 281 3053 defuncto,
300 2957 524 3032 Dodilonem
531 2981 773 3034 successorem
780 2961 859 3059 ejus
872 2975 1063 3061 quartum,

100 3074 143 3148 ad
168 3077 281 3181 hujus
312 3083 365 3156 rei
395 3083 586 3181 negotium
622 3083 779 3154 invitare
807 3085 1063 3177 estimarunt,

101 3194 312 3304 directisque
326 3205 477 3280 adeum
496 3204 686 3306 precibus,
712 3207 968 3279 auctoritatem
989 3231 1067 3280 sure

102 3327 292 3416 praesentiae
301 3327 550 3426 postularunt.
566 3327 635 3397 Hic
648 3347 801 3396 suorum
815 3324 996 3398 desiderio
1013 3353 1069 3400 sa·

102 3440 294 3542 liriacum,
313 3447 362 3522 ad
383 3449 573 3524 ecclesiam
593 3457 915 3548 praememoratam
933 3447 1067 3520 Belua·-

102 3569 254 3642 censium
287 3575 465 3672 perrexit,
497 3585 697 3671 sanctoque
722 3566 894 3643 thesauro
923 3596 1067 3646 summa

102 3709 178 3762 cum
191 3699 426 3772 veneratione
443 3693 492 3768 ad
505 3721 614 3768 suum
627 3695 751 3767 locum
764 3695 895 3790 relato,
910 3696 1064 3772 verbum

101 3811 179 3886 inde
191 3815 325 3891 faciens
338 3792 386 3891 ad
401 3819 604 3919 populum,
621 3841 785 3890 annuam
800 3817 899 3892 diem
908 3821 1067 3894 relatio·
1110 3847 1116 3853 ·

101 3936 150 4006 nis
178 3943 294 4013 sancti
320 3943 504 4042 corporis,
530 3953 719 4041 perpetue
745 3941 969 4034 celebritati,
1000 3967 1067 4014 sua

100 4059 288 4164 episcopati
302 4066 534 4160 auctoritate,
547 4062 834 4140 commendavit.
850 4049 959 4136 Unde
973 4061 1066 4137 bea·
