2906 4970
374 575 442 644 ΜΞ.
668 591 787 636 canon.
813 591 891 638 csse
912 593 954 636 nr
977 591 1055 638 ars.

1265 679 1337 692 „—

375 783 411 830 se
439 760 473 830 ei
501 756 652 830 daturos
680 781 801 856 neque
820 754 869 828 ad
893 781 979 828 eum
1000 757 1131 828 ituros.
1154 757 1233 828 Hoc
1256 753 1343 830 idem

375 876 451 950 dux
464 877 732 971 Theodericus,
747 903 941 978 comesque
955 878 1342 975 Haynocensium,1ia-

374 1002 544 1102 gimnus,
567 1027 656 1076 cum·
681 1001 754 1076 sibi
770 999 1013 1102 complicibus
1037 1011 1264 1078 sacramento
1282 997 1340 1068 fir·

375 1137 585 1198 moverunt.
605 1123 716 1218 Quod
729 1125 891 1228 episcopi
905 1125 1017 1224 primi
1034 1121 1343 1220 infregerunt,qni

375 1271 412 1320 se
426 1250 567 1348 primos
580 1245 783 1340 dederunt,
800 1247 1062 1346 canticumque
1074 1244 1207 1344 populi
1216 1242 1339 1316 malum

374 1367 461 1446 facti
469 1383 568 1442 sunt.
579 1371 643 1444 His
654 1370 827 1444 omnibus
835 1367 1153 1470 pactionibnsnon
1162 1377 1339 1441 accesserat

376 1493 424 1570 Ι).
441 1494 654 1596 episcopus,
672 1490 737 1570 sed
753 1492 957 1568 conahatur
973 1515 1034 1566 eos
1052 1489 1102 1566 ad
1115 1493 1216 1591 pacis
1235 1485 1338 1564 redire

377 1617 554 1714 gratiam,
571 1627 768 1718 postquam
782 1639 912 1690 corum
932 1614 1105 1712 cognovit
1122 1613 1246 1686 minus
1258 1609 1339 1686 hene

377 1762 505 1810 sanam
534 1738 767 1810 sententiam.
799 1739 952 1810 Interim
981 1733 1175 1836 suspendit
1200 1754 1342 1810 sunma

380 1843 476 1958 regis
493 1862 687 1960 praesentia
702 1859 880 1960 gradum,
903 1884 950 1933 ne
971 1861 1058 1960 ipsis
1077 1857 1183 1931 fieret
1202 1853 1340 1932 scanda-

381 1981 462 2054 lum
478 1982 705 2066 offensionis:¹
724 1983 870 2056 directis
886 1997 1010 2058 tamen
1031 1981 1191 2058 officiose
1209 1981 1336 2079 legatis,

382 2106 529 2180 macula
545 2133 581 2180 se
596 2109 695 2182 exuit
712 2108 942 2207 suspicionis.
965 2104 1219 2178 Nihilominus
1235 2125 1338 2202 regem

382 2232 613 2304 Francorum
628 2232 774 2331 placare
797 2230 1014 2302 muneribus
1035 2227 1199 2322 studuit,
1222 2255 1265 2302 ne
1282 2225 1339 2302 sibi

382 2355 554 2456 primitus
578 2357 858 2454 usurpationem
879 2353 1048 2438 inferret,
1073 2349 1188 2452 quam
1208 2367 1279 2427 toto
1294 2375 1339 2424 re-

383 2501 458 2573 gno
472 2475 652 2550 faceread
666 2477 863 2551 consilium
879 2474 1028 2549 hahuit.
1038 2473 1258 2549 Balduinum
1269 2497 1339 2575 pre

385 2609 482 2670 terea
500 2601 673 2672 comitem
687 2601 857 2700 repressit
871 2593 1054 2691 modeste,
1077 2624 1124 2670 ne
1141 2599 1213 2692 sibi
1230 2597 1338 2670 muni·

386 2723 501 2796 tiones
518 2736 746 2796 construeret
765 2725 975 2816 Cameraci,
991 2721 1144 2796 Walteri
1164 2733 1337 2819 corruptus

384 2843 656 2918 fraudulentiis.
671 2846 838 2920 Ducibus
863 2843 1014 2918 tandem
1041 2859 1124 2948 post
1156 2869 1288 2920 annum
1310 2851 1339 2912 et

385 2967 460 3040 sere
475 2967 655 3062 medium,
672 2968 720 3041 ad
737 2995 865 3070 pacem
879 2968 993 3064 flexis,
1004 2995 1089 3042 cum
1104 2971 1154 3042 eis
1169 2967 1337 3066 aquuas·

386 3095 492 3198 grani
506 3093 633 3192 palatii
646 3095 731 3186 ivit,
747 3119 858 3194 seque
874 3091 1054 3166 deditioni
1068 3094 1161 3190 regis
1173 3083 1341 3164 libensob-

277 3285 283 3296 ,
385 3210 483 3287 tulit.
514 3219 686 3290 Processu
717 3219 892 3320 temporis
912 3213 1136 3310 Balduinus,
1159 3215 1253 3286 filius
1271 3207 1339 3282 Bal-

384 3337 511 3431 duini,
529 3342 680 3440 cupiens
693 3366 729 3412 sc
745 3364 891 3442 aequare
906 3339 1023 3442 patri,
1043 3337 1089 3412 ab
1109 3361 1153 3410 eo
1171 3331 1339 3410 dissidium

384 3460 485 3556 fecit3
504 3461 704 3561 adiensque
720 3465 1000 3562 imperatorem,
1026 3487 1094 3562 per
1114 3485 1199 3532 cunr
1220 3482 1252 3532 se
1270 3475 1341 3554 spe·

383 3585 479 3656 ravit
494 3607 597 3682 posse
615 3585 823 3682 consequia
840 3585 889 3657 Ι).
909 3586 1101 3688 episcopo,
1117 3597 1160 3654 ut
1180 3580 1245 3654 sibi
1264 3598 1340 3678 pro·

384 3705 595 3808 pugnacula
615 3704 741 3778 liceret
760 3719 971 3780 construere
994 3708 1034 3778 in
1059 3707 1268 3796 cameram,
1282 3694 1341 3772 ad-

383 3851 507 3900 versus
524 3841 666 3928 patrem
682 3829 919 3904 rebellaturo.
936 3833 1017 3927 Qua
1033 3855 1096 3930 spe
1110 3830 1266 3931 privatus
1278 3833 1340 3908 est„

384 3947 659 4028 contradicente
674 3955 864 4058 episcopo.
