3088 4968
390 551 428 613 3'8
693 553 812 602 curor.
832 551 912 598 cu.
930 551 975 595 rr
986 547 1063 596 Aru.

388 723 661 814 childericum,
678 721 829 792 tertium
841 716 1012 806 fratrem,
1030 711 1152 812 quiin
1170 709 1364 782 Austrssiis

387 841 556 950 partibus
586 842 814 944 imperabat,
850 865 961 940 super
996 843 1173 911 cunctum
1206 848 1363 929 regnum

386 972 604 1069 suscipiunt.
636 969 674 1039 S.
704 984 791 1038 tero
817 961 1112 1060 leodegarium,
1138 951 1363 1052 Augustidu·

386 1111 537 1166 nentem
554 1087 786 1192 pontificem,
807 1109 919 1186 super
932 1083 1088 1156 domum
1105 1081 1199 1177 regis
1222 1077 1364 1151 eonsti-

387 1229 512 1287 tuunt.
546 1211 722 1285 sednon
752 1208 872 1282 multo
898 1221 1004 1308 post,
1039 1203 1199 1292 Franci,
1240 1205 1363 1299 regem

283 1431 284 1438 ἵ
385 1349 539 1436 propter
555 1334 742 1407 levitatem
759 1345 796 1404 et
819 1329 1030 1404 insolentias
1046 1349 1129 1399 suaa
1143 1347 1220 1395 uon
1239 1321 1364 1396 feren-

385 1469 457 1549 tes,
491 1469 616 1531 coorta
632 1454 811 1529 seditione
827 1475 913 1526 eum
933 1447 1208 1524 iuterfecerunt.
1232 1447 1364 1545 Sioqu'e

384 1579 633 1653 Theodericus
670 1582 710 1650 in
754 1599 935 1676 regnum,
979 1570 1165 1646 Ebroiuus
1199 1593 1287 1642 vero
1323 1570 1363 1638 in

384 1704 547 1799 priorem
581 1700 740 1802 gradum
773 1701 991 1773 restituitur.
1027 1698 1101 1789 Qui
1133 1692 1365 1791 nequissimis

387 1820 518 1895 doctus
536 1824 769 1913 consiliariis,
791 1824 973 1893 aestimans
987 1841 1024 1890 se
1047 1817 1242 1886 memorati
1260 1834 1364 1911 porr-

386 1941 493 2016 tificis
517 1942 676 2016 factione
699 1943 746 2014 ab
776 1945 930 2040 antiqua
952 1950 1130 2040 potestate
1156 1933 1361 2033 dejectum,

385 2064 645 2138 crudelissimis
660 2090 746 2137 eum
765 2065 957 2138 tormentis
980 2059 1116 2152 affecit,
1140 2072 1177 2130 et
1196 2059 1236 2129 in
1254 2061 1364 2130 terri-

386 2189 482 2260 torio
506 2187 743 2262 Atrebatense
762 2183 1039 2276 transductum,
1075 2180 1250 2255 decollari
1278 2177 1363 2252 fecit

385 2309 427 2380 iu
444 2309 526 2382 loco
549 2311 615 2408 qui
637 2309 775 2385 dicitur
797 2309 895 2385 Silva
912 2313 949 2382 S.
967 2304 1203 2404 Leodegarii‚
1233 2303 1362 2403 sepul-

386 2445 519 2531 tusque
534 2436 640 2506 estin
654 2434 742 2508 villa
757 2458 840 2534 quae
856 2433 994 2506 dicitur
1007 2432 1130 2522 sercin
1140 2484 1150 2524 ‚
1160 2455 1244 2529 quae
1257 2431 1362 2503 estin

386 2553 549 2630 confinio
566 2558 835 2630 Cameracensis
852 2557 1028 2657 episcopii
1042 2567 1079 2628 et
1092 2555 1325 2628 Morineusis.

694 2811 856 2995 (lep.
911 2729 1058 2952 'xxc

384 3157 422 3196 n!
437 3153 572 3222 CORPORE
588 3153 680 3196 nume
697 3151 860 3198 mmm,
869 3151 1017 3192 nrtscorts
1031 3151 1198 3198 susostno.
1212 3152 1361 3194 RERUM·

412 3231 521 3272 cnuto
534 3227 572 3274 ΕΤ
589 3231 611 3271 S·
623 3225 795 3275 Vfflblfflllss
806 3225 1081 3275 CONTENDBN'HM,
1093 3225 1186 3270 BORTB
1194 3227 1362 3269 Aaronem

409 3310 526 3352 mult.

383 3512 480 3621 Nnc
498 3567 622 3637 mora3
639 3544 905 3617 miraculorum
923 3547 1001 3644 ejus
1016 3543 1114 3616 fama
1126 3546 1363 3645 circumqua-

382 3689 456 3766 que
475 3661 627 3758 diffuse,
650 3663 698 3738 ad
721 3665 901 3766 palatium
923 3671 1017 3765 regis
1035 3689 1153 3766 usque
1170 3663 1364 3740 celebriter

384 3789 562 3861 innotuit.
578 3789 651 3862 Ubi
668 3801 758 3863 tunc
772 3789 885 3886 forte,
902 3793 1002 3866 iuter
1014 3805 1163 3865 caeteros
1179 3811 1361 3890 proceres,

384 3905 590 3986 Ansoeldus
605 3912 874 3986 pictavensium
888 3929 926 3988 et
939 3909 1272 3988 Hermenecharius
1289 3917 1364 3984 Au·

385 4035 707 4134 gustidunensium
736 4042 946 4143 episcopus,
973 4045 1008 4116 S.
1045 4063 1194 4141 quoque
1221 4038 1360 4114 Vindi-
