2906 4970
103 531 494 547 -m

454 587 548 633 steen
564 587 711 636 renerus.
1015 585 1075 640 289

96 745 199 810 Solent
207 751 291 810 enim
303 747 343 812 de
355 749 446 811 nobis
454 748 556 812 dicere
565 749 864 814 ministtisecelesiree
878 755 918 816 lli
928 768 999 819 sunt
1008 778 1077 837 pes-

95 865 172 916 tores
181 854 290 935 populi
302 899 312 930 ‚
325 857 381 936 qui
395 873 457 915 non
470 875 542 916 vere
555 867 687 935 pastores
701 871 788 933 sunt,
804 859 857 918 sed
869 859 945 940 lupi.
961 860 1075 923 (iome-

94 957 170 1022 dunt
183 962 268 1022 enim
280 973 402 1040 poecsm
412 959 540 1040 populi,
560 963 634 1041 quin
646 961 760 1025 fructus
774 961 903 1023 ecclesie
917 967 949 1026 in
958 963 1076 1046 ‘stipen-

95 1063 144 1126 dio
177 1063 361 1146 quotidiano
392 1066 579 1144 percipiuntc
596 1063 649 1125 sed
659 1086 714 1126 uec
724 1067 869 1126 orationis
885 1047 1005 1144 studio,
1019 1091 1075 1133 nee

93 1168 316 1250 predicationis
329 1167 440 1244 verbo,
451 1167 531 1230 nihil
540 1172 661 1249 penitus
670 1169 834 1246 insudent,
849 1191 885 1231 ec
909 1193 965 1251 per
987 1172 1048 1236 hoc
1064 1219 1074 1253 ,

94 1274 438 1356 quicquidndtersitstis
451 1275 533 1336 sitin
547 1272 673 1349 seculo,
698 1273 841 1336 videlieet
861 1277 1073 1358 ommium,
1091 1331 1097 1346 .

91 1380 291 1460 pestilentias,
302 1380 391 1442 lamis
400 1379 505 1442 dicunt
513 1382 699 1462 promereri,
715 1392 746 1440 ct
754 1382 888 1462 incipere
901 1401 921 1441 a
934 1397 1075 1446 sanema-

92 1485 150 1544 rio.
165 1481 205 1544 Et
217 1505 289 1545 vere
303 1505 321 1544 n
336 1487 520 1560 sanctuario,
537 1486 610 1566 quin
623 1483 791 1546 secundum
804 1483 883 1548 illud
896 1490 1075 1551 vaticinium

93 1586 276 1650 llieremiaes
299 1581 425 1668 dispersi
447 1601 516 1650 sunt
536 1587 652 1672 lupides
668 1593 828 1652 sanctuarii
843 1593 875 1654 in
889 1594 988 1674 capite
1001 1615 1075 1656 om·

92 1695 178 1755 nium
189 1691 372 1774 platearum.
388 1691 448 1754 Sed
462 1696 525 1755 sive
539 1697 577 1755 sit
590 1693 767 1773 baeretic'us,
783 1698 846 1761 sive
858 1695 952 1758 iabus
975 1698 1075 1761 chris-
1194 1709 1195 1713 ’

93 1801 208 1874 tianus,
221 1799 276 1880 qui
286 1797 352 1859 baec
363 1801 490 1879 opponit
501 1797 659 1876 fidelibus,
672 1802 700 1861 ei
710 1799 927 1882 respondeatur
937 1803 1075 1888 quodsit

94 1904 124 1964 in
134 1901 261 1984 epistole
271 1925 325 1966 sua
334 1903 368 1964 Β.
382 1903 511 1966 Petrus:
528 1901 560 1966 si
571 1903 635 1966 haec
645 1891 812 1986 primumn
822 1905 928 1982 nobis,
942 1911 1074 1989 quis'eo·

93 2027 160 2070 rum
174 2009 244 2070 finis
257 2011 311 2091 qui
325 2031 387 2072 non
407 2009 536 2072 credunt
548 2010 704 2093 evangelio
718 2010 795 2071 Deil
810 2010 848 2070 Et
865 2014 889 2072 si
903 2016 1001 2091 justus
1021 2015 1074 2074 vix

92 2112 276 2189 salvabitur,
291 2115 407 2194 impius
419 2127 450 2174 et
462 2125 602 2194 peccator
622 2113 677 2173 ubi
696 2113 865 2193 parebunt?
888 2127 918 2174 et
938 2117 1071 2192 iterum,

91 2217 174 2300 quod
187 2221 229 2280 ait
241 2218 394 2280 Dominus
406 2217 541 2279 Galilaeis
553 2219 586 2278 in
600 2217 757 2299 evangelio
770 2263 779 2293 ,
794 2219 849 2298 qni
863 2219 892 2279 ei
907 2221 1072 2283 nunciare-

91 2337 157 2386 rant
166 2327 240 2407 quin
253 2327 432 2408 sanguinem
442 2343 570 2385 suorum
582 2324 744 2384 miscuerat
753 2321 870 2384 Pilutus
883 2345 954 2386 cum
974 2317 1072 2388 secri-

91 2429 165 2490 ficiis
177 2427 343 2490 idolorum.
361 2427 481 2506 Quibus
492 2426 677 2507 respondens
689 2425 788 2488 dixit:
805 2425 923 2490 eunus
936 2429 1021 2510 quod
1036 2429 1071 2493 bi

90 2533 205 2598 Galilaei
218 2555 281 2617 pre
296 2533 439 2596 omnibus
451 2531 585 2594 Galilaeis
597 2543 770 2614 peccatores
782 2531 907 2596 luerunt
920 2579 928 2612 ,
944 2537 999 2616 qui
1020 2546 1069 2597 te-

90 2637 130 2699 lin
142 2643 221 2721 pessi
235 2640 324 2701 sunt?
339 2635 428 2713 Non,
443 2637 512 2700 dico
526 2637 632 2709 vobis;
649 2636 702 2698 sed
715 2639 773 2698 nisi
787 2640 995 2717 penitentiam
1008 2637 1069 2700 lu-

90 2740 230 2820 bueritis,
242 2763 349 2804 omnes
361 2740 500 2802 similiter
513 2739 662 2821 peribitis.
677 2738 716 2799 Et
728 2742 859 2815 iterum,
875 2740 961 2821 quod
974 2744 1017 2802 nit
1029 2741 1069 2803 de

90 2845 192 2910 decem
204 2861 235 2909 ct
246 2861 313 2909 octo
328 2867 419 2928 supra
432 2853 509 2928 quos
520 2846 610 2907 tueris
620 2846 652 2907 in
666 2841 749 2906 Siloa
759 2841 884 2921 cecidit,
901 2858 932 2907 et
942 2866 993 2910 eos
1013 2867 1068 2908 oo-

90 2949 169 3011 cidit.
183 2949 304 3011 Putatis
313 2949 397 3031 quod
409 2951 467 3030 ipsi
478 2947 629 3010 debitores
638 2947 764 3010 fuerunt
773 2963 882 3030 preter
892 2971 999 3012 omnes
1013 2949 1069 3013 ba-

90 3055 215 3121 bitnntes
228 3060 262 3120 iu
274 3056 482 3120 Hierusalem?
496 3054 587 3133 Νοιι,
604 3056 673 3118 dico
686 3056 793 3119 vobisc
809 3057 863 3118 sed
876 3060 901 3118 si
915 3062 1068 3138 preniten-

90 3163 160 3224 tinm
176 3185 238 3225 non
251 3163 392 3244 egeritis,
408 3183 514 3223 omnes
530 3159 670 3222 similiter
687 3160 834 3240 peribitis.
851 3159 934 3238 Quid
951 3161 1067 3242 plural

90 3262 150 3328 baec
162 3289 307 3350 namque,
322 3267 429 3328 iratres
442 3269 599 3340 carissimi,
616 3264 783 3326 secundnm
798 3263 990 3344 evangeliun
997 3266 1065 3344 Dei,

90 3385 119 3432 et
130 3373 304 3454 apostolum
322 3370 448 3433 Petrum
469 3391 577 3432 eorum
590 3367 801 3450 respondenda
821 3379 893 3428 eunt
913 3368 1065 3449 stultitias,

89 3477 398 3561 propterfidelitstem
408 3475 598 3554 echonomo
609 3471 749 3548 ecclesie,
763 3482 792 3532 et
809 3483 909 3534 tumen
919 3495 980 3536 non
992 3497 1067 3556 pos-

89 3601 191 3644 smnus
204 3601 332 3666 negare,
346 3583 421 3662 quis
432 3599 505 3642 vern
519 3590 589 3639 suut
598 3575 695 3638 multe
707 3621 715 3653 ‚
727 3595 795 3658 quse
808 3575 848 3638 de
861 3577 950 3640 nobis
960 3583 1066 3663 quoti-

88 3685 135 3748 die
146 3687 320 3750 insultando
330 3685 451 3748 student
463 3683 630 3746 diffamare.
647 3680 732 3744 Sicut
745 3685 828 3744 enim
840 3685 883 3744 nit
895 3682 930 3744 ll.
947 3683 1066 3771 Grego.

88 3793 167 3853 cium
178 3791 314 3853 Mundus
325 3805 370 3852 est
378 3790 485 3872 plenum
498 3787 721 3862 sacerdotibus,
740 3785 793 3848 sed
803 3801 904 3850 temen
922 3793 955 3850 in
968 3813 1066 3854 messe

88 3893 143 3958 Ilei
152 3899 239 3958 rarus
252 3899 414 3960 invenitur.
432 3894 472 3955 Et
481 3897 610 3956 iterums
622 3890 727 3970 Qualis
740 3892 871 3974 populus
884 3893 952 3954 tulis
966 3914 1066 3954 sacer-

88 4000 150 4062 dos.
164 3999 256 4063 Unde
266 4003 467 4063 necessarium
476 3999 638 4088 duximus,
650 4011 686 4059 ut
700 4001 774 4081 quin
787 4020 842 4080 per
862 4000 934 4060 vitae
956 4011 1064 4058 nostre

90 4105 265 4188 exemplum
278 4127 352 4188 grex
364 4104 474 4168 Christi
484 4107 603 4187 proruit
611 4103 650 4166 ad
660 4105 818 4167 interitum
828 4131 836 4178 ;
848 4104 980 4186 pervitae
990 4105 1066 4164 nos'·

852 4205 896 4276 ¹9
