2906 4970
932 493 1327 510 Ᾰ--υ-ο--ὤιιικη--ι-ιιι

377 545 432 598 300
507 501 529 518 ‘¹
670 550 791 596 crinon.
811 549 890 596 CAH.
909 549 952 594 st*
971 547 1048 594 MR.

376 716 517 796 deinceps
530 717 563 776 in
577 714 722 778 fidelitate
736 728 855 791 nostra,
870 717 947 776 sicut
959 725 1032 775 tunc
1045 715 1128 794 ipse,
1146 725 1177 774 et
1194 715 1237 774 sui
1255 713 1330 772 amici

374 825 561 901 juraverunt.
578 821 761 904 Quanquam
773 819 853 882 hanc
865 821 1099 900 promissionem
1112 815 1287 878 horribiliter
1306 825 1330 876 ct

375 925 512 987 inaudite
522 926 712 1009 infregisset,
725 929 769 987 ita
782 929 893 986 iterum
909 943 945 986 eo
959 936 1064 984 tenore
1085 924 1114 982 ei
1139 920 1327 1002 indulgemus,

377 1042 409 1090 et
421 1051 478 1110 pro
491 1029 549 1090 Dei
560 1051 665 1093 amore
675 1043 706 1092 et
716 1033 861 1112 petitione
880 1029 959 1110 regis
983 1025 1141 1100 Rotberti,
1167 1035 1197 1086 et
1218 1025 1328 1105 episcopi

377 1133 779 1218 Hn1·duini,atquecomitis
793 1134 952 1209 balduini,
968 1154 1003 1193 ac
1017 1133 1136 1193 comitis
1149 1129 1273 1204 Odonis,
1285 1147 1329 1188 uec

375 1258 438 1300 non
450 1251 480 1298 et
489 1239 618 1315 Ottonis,
633 1239 772 1300 Rotbcrti
783 1251 814 1300 et
823 1237 954 1299 aliorum
964 1239 1135 1298 amicorum
1146 1255 1277 1311 suorum,
1286 1233 1328 1312 qui

374 1339 437 1407 boc
454 1341 601 1422 placitum
617 1343 772 1422 fecerunt,
791 1345 952 1425 quatinus,
976 1340 1086 1402 melius
1104 1337 1268 1421 prioribus,
1284 1335 1329 1396 bas

310 1517 313 1528 Ι
378 1446 486 1508 alteras
509 1449 724 1528 promissiones
743 1460 907 1512 conservet.
921 1445 1020 1508 Nobis
1042 1447 1101 1506 erit
1119 1447 1162 1506 ita
1182 1444 1329 1525 obsequens

377 1553 410 1614 in
422 1552 582 1628 omnibus,
599 1555 675 1612 sicut
688 1555 721 1614 in
732 1555 833 1634 primo
847 1554 995 1634 promisit.
1012 1549 1136 1612 Clericis
1146 1547 1263 1612 etlaicis
1272 1567 1330 1608 nos·
1423 1567 1424 1580 ¹

377 1669 429 1717 trae
437 1655 579 1734 ecclesiae,
589 1659 613 1718 si
624 1656 742 1738 aliquid
752 1679 842 1738 super
852 1657 943 1718 illum
954 1655 1168 1728 clamatorium
1185 1667 1235 1716 aut
1247 1672 1331 1714 secun·

377 1758 453 1822 dum
463 1760 573 1844 legem,
589 1775 642 1822 aut
656 1761 823 1824 secundum
837 1759 1030 1822 concordiam
1039 1763 1188 1840 juratione
1198 1773 1227 1820 et
1237 1757 1331 1840 juditio

378 1866 449 1927 erin
462 1879 492 1926 et
503 1867 625 1948 insuper
639 1866 678 1929 de
693 1866 805 1948 quibus
817 1869 964 1948 justitiam
975 1865 1072 1928 iacere
1086 1865 1269 1946 potuerimus
1280 1859 1330 1933 illi,

374 1971 890 2053 justitiamquoquefacietpernos‚
907 1973 930 2034 si
950 1969 1157 2046 clamaverint,
1176 1969 1234 2031 illis
1247 1965 1331 2029 omni·
1423 2013 1424 2016 ,

375 2071 443 2135 bus.
454 2073 500 2136 De
507 2078 625 2137 civitate
632 2089 733 2138 nostra
739 2074 856 2136 nullam
863 2095 1004 2157 guerram
1015 2073 1120 2150 saciet,
1130 2093 1197 2155 quae
1211 2071 1247 2134 ad
1259 2071 1332 2132 dem·

377 2179 660 2242 numvenietnobis
670 2194 701 2242 et
710 2183 896 2262 episcopatui
911 2193 1023 2257 nostro,
1039 2183 1096 2242 nisi
1110 2179 1229 2241 licentia
1239 2185 1330 2238 noser.

377 2282 409 2345 Si
420 2284 498 2346 hanc
508 2289 741 2366 promissionem
765 2285 935 2367 infregerit,
951 2297 982 2346 et
1004 2283 1179 2348 admonitus
1192 2283 1229 2348 de
1239 2277 1332 2363 justitia

375 2389 478 2466 fuerit,
488 2393 631 2470 sicutjam
638 2391 754 2452 dictum
761 2403 816 2467 est,
825 2390 904 2451 infra
911 2389 986 2451 duas
995 2390 1238 2474 quadragesimas
1245 2401 1331 2448 emm-

377 2493 532 2555 dationem
539 2495 638 2571 saciet,
647 2495 701 2556 ubi
709 2495 770 2555 duo
777 2495 826 2556 vel
834 2507 893 2556 tres
900 2495 1067 2572 sintamici,
1078 2497 1132 2577 qui
1142 2493 1202 2558 boc
1209 2493 1331 2579 placitum

378 2599 531 2675 fecerunt,
545 2612 575 2660 et
584 2602 695 2661 sisonia
709 2621 761 2662 eos
774 2603 937 2678 tenuerit,'
948 2599 1097 2681 probetur
1118 2603 1201 2682 ipsa,
1225 2611 1253 2661 et
1269 2595 1332 2660 intra

378 2701 471 2764 aliam
485 2702 748 2786 quadragesimam
768 2705 915 2787 placitum
930 2705 1168 2786 expectabimus.
1187 2703 1264 2766 Hanc
1277 2719 1331 2762 con-

378 2810 551 2870 ventionem
564 2831 601 2869 ex
612 2823 741 2892 utraque
751 2823 835 2893 purte
846 2809 1033 2873 servabimus
1045 2831 1101 2892 per
1112 2821 1224 2874 rectam
1236 2803 1329 2877 fidem,

380 2913 443 2974 sine
454 2913 536 2975 malo
546 2916 677 2996 ingenio.

606 3097 775 3285 dap,
831 3143 1093 3224 xxxvrrr.

379 3413 517 3458 wanrnar
532 3413 628 3458 rmus
642 3417 730 3458 onsrs
748 3413 889 3455 nrrscoro
904 3413 1012 3459 nurus.
1025 3413 1064 3455 cr
1077 3409 1266 3458 counrrrom
1278 3401 1329 3450 cor·

702 3493 859 3534 rrsrroms
872 3492 1031 3543 uranum.

382 3681 438 3794 St
449 3738 503 3796 iste
515 3733 595 3796 filius
606 3733 750 3810 Waltori,
761 3756 842 3798 nunc
855 3735 944 3796 obses
955 3746 1073 3810 noster,
1086 3745 1223 3798 mortuus
1235 3727 1326 3792 fueriti

377 3839 508 3903 alterum
522 3863 578 3921 pro
592 3861 629 3902 eo
643 3840 730 3901 nobis
747 3840 853 3916 dabit,
868 3838 960 3900 talem
979 3861 1034 3922 per
1052 3861 1146 3924 quem
1163 3861 1216 3906 uos
1231 3843 1329 3899 secuw’

378 3944 417 4008 de
428 3967 482 4008 sua
492 3945 636 4008 fidelitate
646 3945 768 4023 reddet,
785 3958 816 4008 et
824 3946 973 4029 quicquid
987 3949 1098 4028 injuste
1111 3965 1200 4028 super
1222 3959 1271 4004 nos
1290 3935 1330 3994 ἰη’

379 4053 456 4116 rasit
463 4051 562 4132 ,dum
570 4051 872 4120 admonitusanobis
881 4051 991 4135 tuerit,
1017 4053 1184 4120 secundum
1204 4042 1329 4132 juditium
