3088 4968
205 501 440 512 ...-.-.....,
956 501 1184 514 --...-.-..

583 547 676 592 LIBER
689 547 817 594 sumus.
1148 541 1184 594 87

205 713 395 815 liquerant
412 714 646 786 incursionis.
670 715 785 784 Porro
798 711 1073 786 Atrabatensem
1089 735 1184 814 pro-

204 839 368 911 vinciam
408 849 671 935 peragrantes,
717 839 874 934 patriam
913 841 1044 934 misera
1083 836 1182 910 caede

204 960 400 1034 vexabant.
421 962 476 1032 Ex
495 957 553 1031 his
566 958 680 1057 aliqui
696 958 743 1032 ad
758 939 922 1034 montem
936 965 972 1032 S.
989 961 1118 1057 Eligii,
1135 961 1182 1034 de

204 1107 284 1182 quo
303 1105 415 1180 supra
433 1079 688 1174 disseruimus,
707 1081 959 1176 devenientes,
982 1082 1181 1155 audierunt

205 1207 471 1277 monasterium
489 1201 616 1276 miultis
641 1207 806 1303 pecuniis
829 1220 865 1278 et
887 1205 1180 1305 congestionibus

204 1325 398 1400 refertum.
410 1329 523 1400 Facto
536 1329 651 1425 igitur
665 1329 828 1425 agmine,
846 1329 1025 1428 templum
1040 1331 1180 1400 irrum-

204 1473 296 1548 pere
328 1449 576 1522 nitebantur:
609 1450 852 1524 renitentibus
883 1451 1047 1544 clericis,
1082 1475 1179 1524 unus

202 1571 398 1646 barbarico
412 1572 538 1646 furore
551 1585 776 1666 commotus,
798 1574 872 1646 telo
897 1574 1043 1653 vibrato
1057 1599 1178 1645 unum

202 1717 247 1767 ex
262 1693 547 1769 sacerdotalibus
560 1697 647 1768 viris
663 1699 702 1767 in
720 1697 799 1794 ipso
820 1695 924 1768 aditu
941 1697 1069 1796 templi
1086 1721 1178 1796 pro-

202 1821 355 1890 stravit:
376 1819 498 1890 caeteri
514 1841 619 1909 vero,
637 1817 809 1890 fraternae
829 1821 927 1894 necis
956 1817 1083 1891 dolore
1113 1845 1177 1891 ac-

202 1944 320 2032 censi,
337 1943 559 2040 pertinacius
572 1940 813 2014 rebellabant.
827 1941 1050 2015 Difficultate
1065 1944 1177 2040 igitur

201 2059 317 2156 facta,
335 2089 422 2136 cum
443 2061 565 2136 hostes
583 2063 766 2160 templum
792 2062 982 2160 effringere
997 2087 1073 2134 nou
1087 2087 1176 2162 pos-

208 2198 408 2276 sent,unus
417 2209 547 2258 eorum
554 2208 689 2258 vesano
700 2187 832 2283 spiritu
845 2199 1026 2276 armatus,
1040 2198 1177 2258 tectum

206 2308 333 2408 templi
348 2313 497 2382 ascensu
514 2307 718 2408 superavit,
749 2319 786 2379 et
812 2333 879 2408 per
897 2307 1084 2408 laquearia
1103 2331 1177 2382 sese

203 2433 303 2502 intro
322 2433 524 2522 summisit,
546 2444 583 2502 et
603 2433 819 2530 improvisus
838 2433 935 2505 viros
956 2458 978 2504 a
1002 2447 1103 2532 tergo
1119 2433 1176 2506 fe-
1202 2484 1204 2487 -

201 2554 276 2626 rire
292 2555 418 2653 coepit.
434 2551 590 2648 Turbati,
605 2555 669 2652 qui
686 2551 858 2646 aderant,
875 2580 960 2628 cum
976 2553 1118 2628 hostem
1135 2559 1174 2630 in

201 2674 327 2748 medio
355 2677 412 2748 sui
443 2690 660 2768 cernerent,
692 2675 783 2747 dum
813 2681 1015 2777 posteriora
1045 2678 1175 2751 defen-

201 2797 311 2893 dunt,
326 2795 486 2872 liberum
500 2797 744 2870 anterioribus
758 2797 902 2871 aditum
918 2799 1172 2898 praebuerunt.

201 2925 274 3016 Qui
294 2925 474 2996 irruentes
490 2921 684 3023 plerosque
700 2937 924 2995 necaverunt
937 2938 993 3016 et,
1010 2927 1171 2996 cruentis

201 3045 374 3118 manibus
387 3057 511 3119 sancta
526 3047 836 3139 contaminantes,
855 3044 1043 3120 thesauros
1057 3047 1176 3120 eccle·

202 3171 284 3262 siae,
307 3181 420 3242 vestes
440 3169 551 3241 etiam
577 3165 816 3242 sacerdotales
837 3170 1077 3242 sustulerunt.
1101 3171 1176 3243 Nec

202 3291 355 3391 longum
385 3306 507 3365 tamen
530 3292 665 3381 laetati,
697 3316 783 3362 mox
805 3306 848 3362 ut
880 3295 976 3364 inter
998 3317 1035 3367 se
1061 3291 1179 3388 spolia

203 3411 425 3506 diviserunt,
446 3415 616 3514 plerique
638 3414 775 3512 arrepti
792 3437 814 3483 a
831 3411 1016 3512 daejmonio
1033 3427 1179 3512 torque-

199 3535 367 3610 bantur:
390 3537 452 3610 alii
465 3538 602 3634 linguis
629 3532 770 3626 adusti,
796 3533 858 3606 alii
879 3539 1031 3636 proprio
1053 3562 1178 3611 morsu

198 3663 361 3760 praecisis
378 3688 388 3732 ι
404 3659 571 3759 plerique
587 3657 756 3732 cruribus
770 3663 921 3750 exustis,
939 3663 1071 3734 misero
1088 3687 1178 3734 cru-

201 3783 300 3855 ciatu
335 3782 607 3881 plectebantur.
645 3783 760 3852 Fama
789 3779 1006 3881 hujusmodi
1038 3787 1177 3856 caeteris

201 3917 380 3979 terrorem
402 3907 572 3997 incussit,
605 3929 653 3976 ne
676 3901 722 3975 de
751 3905 875 4003 spoliis
901 3906 1058 3978 ecclesiae
1080 3903 1177 3977 illius

199 4031 361 4124 attactis,
397 4053 492 4104 saeva
534 4051 683 4127 quoque
714 4031 823 4127 pestis
855 4005 915 4100 eos
949 4023 1174 4100 incenderet.
