3044 4968
428 611 437 624 .
529 576 771 636 tumeamus.
1107 573 1144 630 ⁷³

144 743 241 839 &ejus
270 741 421 814 rabiem·
443 744 650 816 aestimavit.
688 741 805 816 Semel
841 744 982 838 igitur,
1011 743 1068 816 bia
1105 757 1143 818 et

149 867 271 938 tertio
280 877 473 956 vocatum,
491 863 781 938 teda-enitentem
794 868 1138 944 excommunicavit.

147 987 224 1062 ille
241 985 292 1060 ad
313 999 554 1083 angmentum
571 985 818 1060 damnationis
835 1011 930 1077 tum,
949 1001 1070 1066 reatus
1083 989 1140 1062 aui

148 1110 316 1208 eulpam
330 1133 407 1180 non
423 1107 540 1180 solum
557 1133 813 1207 recognoscere
838 1109 958 1182 noluit
979 1140 987 1182 :
1009 1135 1139 1184 verum
1246 1195 1250 1204 ι

151 1235 282 1332 ipsam
315 1231 494 1332 praesulis'.
514 1219 929 1306 excummunicationem
967 1233 1139 1307 furiosius

151 1343 355 1456 apernere,
376 1354 566 1454 verbisque
587 1339 815 1428 tumentibus
835 1355 1032 1454 reprobare
1060 1369 1139 1430 οω-

152 1480 238 1577 pit,
263 1492 299 1550 et
322 1480 498 1575 majorem
513 1477 719 1576 tyrannidis
739 1503 814 1550 suae
838 1479 1052 1550 violentiam
1065 1471 1139 1550 rni-

152 1602 271 1672 nari:
299 1624 386 1673 cum
406 1613 555 1699 repente
578 1604 676 1672 inter
693 1601 848 1674 furentis
869 1601 1138 1702 blasphemiam

148 1721 304 1814 infelix,
332 1747 405 1821 per
417 1737 593 1796 secretam
610 1737 782 1796 naturam
808 1724 896 1796 suris
922 1725 1137 1813 visceribus,

152 1845 226 1918 Dei
240 1843 386 1944 judicio
407 1863 627 1944 percuuuc‚'
641 1848 799 1938 interiit,
821 1846 1058 1945 sepultusque
1088 1861 1141 1922 eet

155 1967 291 2067 procul
309 1967 356 2040 ab
387 1967 481 2042 urbe
495 1970 602 2065 juxta
625 1971 724 2040 viam
745 1969 967 2066 publicam,v
982 1969 1053 2042 nbi
1070 1995 1138 2044 nec

157 2105 330 2164 mortuus
343 2105 487 2191 partem
501 2115 587 2164 curn
599 2089 772 2162 fidelibus
782 2090 919 2162 habere
937 2095 1137 2166 meruisset.

161 2215 282 2284 Porro
308 2213 502 2288 manifesto
529 2211 666 2286 divinae
692 2209 1018 2286 animadversionis
1034 2212 1146 2322 judi·¹
1267 2307 1269 2312 Ι

160 2337 237 2429 cio,
255 2349 353 2410 terra
360 2362 435 2435 qua
447 2334 1013 2434 sepulturaelocusambiebatur,
1023 2335 1140 2410 tribue

159 2483 229 2556 per.
239 2461 439 2534 circuitum
457 2457 590 2531 cubitis
606 2458 773 2549 animo,
800 2459 853 2530 ita
867 2461 1060 2532 exarsit-ut
1092 2458 1139 2532 ab

158 2583 314 2656 occultis
335 2581 517 2654 mentibus
536 2579 709 2654 incendio
732 2581 863 2652 emitto
878 2579 1077 2675 fatisceret3
1103 2595 1139 2654 et

160 2729 244 2777 curn
266 2703 307 2776 id
324 2704 559 2778 cernentibus
575 2706 713 2776 mirum
728 2717 764 2776 et
779 2701 1058 2776 formidandum
1080 2729 1138 2778 et-

160 2841 229 2920 oet,
246 2826 345 2901 iilud
362 2830 476 2925 magis
492 2827 693 2926 stupebant
724 2823 827 2924 quod
842 2851 908 2924 per
935 2827 1138 2898 triennium

161 2951 201 3022 in
218 2977 308 3051 affro
323 2951 387 3022 ille
404 2975 462 3024 roc
475 2965 540 3022 aut
553 2951 680 3050 pluvia
695 2974 771 3023 non
786 2947 938 3042 cecidit,
958 2974 1026 3022 nec
1051 2973 1139 3046 gra-

162 3097 246 3146 men
264 3077 449 3174 apparuit.
465 3075 617 3173 Expleto
642 3099 730 3148 vero
756 3075 935 3166 triennio,
968 3099 1054 3166 eum
1082 3075 1139 3150 vir

162 3195 232 3269 Dei
253 3211 363 3270 nocte
383 3196 544 3296 quadam
570 3225 637 3296 per
661 3199 811 3272 extasim
834 3199 873 3268 in
895 3194 1062 3268 aubiirne'
1076 3219 1139 3266 ra-
1179 3265 1181 3269 .

164 3333 334 3416 peretur,
371 3320 465 3394 vidit
499 3323 674 3392 miserum
703 3321 798 3390 miro
832 3331 869 3388 et
903 3315 1139 3388 formidando

163 3441 344 3542 supplicio
363 3445 539 3534 cruciari,
557 3443 662 3539 eujus
692 3453 788 3511 sorte
814 3439 1018 3536 miserrima
1041 3461 1141 3510 corn-

163 3581 345 3662 punctus‚
361 3593 445 3640 mcx
454 3571 543 3639 utin
558 3564 730 3652 sarediit,'
741 3566 896 3664 sumptis
913 3589 1035 3636 secum
1047 3589 1139 3664 quos

162 3687 301 3781 voluit,
320 3690 368 3762 ad
381 3691 609 3790 sepulturam
631 3707 748 3786 usque
775 3690 960 3786 pervenit,
993 3685 1140 3786 exposiss

165 3819 274 3909 toque
292 3813 465 3904 consilio,
480 3813 566 3886 licet
588 3809 843 3883 auctoritatem
869 3835 944 3898 non
965 3807 1136 3900 haberet,

162 3955 308 4007 servum
321 3961 461 4028 unum,
478 3937 584 4034 quiei
599 3932 779 4007 habendis
791 3933 918 4007 usibus
932 3929 1138 4040 inhaeserat7

163 4061 288 4130 cautae
299 4054 465 4133 defuncti
479 4059 589 4156 agere
594 4055 716 4158 jubet,
733 4069 818 4128 etut
833 4052 1047 4151 impositum
1063 4040 1140 4122 nid·
