2932 4974
322 549 378 604 199
626 549 745 596 GERON.
766 546 851 595 GM?
863 547 907 592 ΒΤ
920 547 997 592 m.

320 717 554 814 episcopum,
583 721 714 810 utpote
740 719 1007 808 praeceptorem
1025 693 1063 782 el
1082 710 1305 806 magistrum

322 837 501 928 ecclesie,
529 835 726 926 invitavit,
760 855 976 932 ponensque
1006 832 1189 908 rationem
1215 855 1306 905 cum

322 957 522 1051 fratribus,
554 959 713 1058 qualiter
730 937 1122 1028 Fulradusabbatiam
1152 969 1306 1028 eatenus

324 1079 536 1154 moderatus
571 1093 649 1171 est,
684 1079 856 1178 episeopo
890 1073 1087 1168 audiente,
1117 1079 1304 1178 quaesivit.

326 1205 525 1302 Comperto
542 1213 666 1272 autem
689 1196 793 1298 quod
813 1195 910 1270 nihil
935 1197 1122 1295 religionis
1150 1201 1309 1276 interim

327 1321 609 1414 doctrinaverit,
624 1323 854 1420 exteriusque
867 1319 969 1392 bona
981 1320 1078 1392 male
1098 1319 1308 1422 dissipave-

327 1447 397 1538 rit,
410 1445 578 1544 legaliter
593 1455 631 1516 et
644 1445 821 1516 canonice
838 1440 1104 1542 reprehensum
1123 1446 1164 1516 in
1186 1457 1310 1518 custo·

327 1567 600 1666 diatepiscopus
613 1567 732 1657 misit,
748 1587 1006 1662 summamque
1020 1561 1177 1640 abbatioe
1195 1568 1310 1640 Hori-

328 1689 468 1782 bertus,
486 1689 577 1762 boni
594 1688 794 1761 testimonii
812 1683 1031 1780 monachus,
1052 1690 1311 1788 sumptibilis

328 1810 498 1911 perfecte
529 1821 565 1886 ot
581 1807 939 1909 inreprehensibilis
963 1812 1247 1884 conversationis
1263 1835 1311 1885 ae

330 1934 507 2033 religiosor
517 1933 762 2032 simplicitatis
775 1930 926 2030 plenus,
941 1929 1006 2004 sed
1020 1931 1070 2004 ad
1083 1946 1187 2006 tanta
1202 1958 1313 2033 repa-

330 2055 449 2130 randa
463 2071 501 2129 et
516 2051 786 2147 reordinanda,
802 2079 886 2154 quae
903 2079 991 2126 suus
1007 2068 1211 2130 antecessor
1223 2053 1314 2128 des-

331 2180 466 2271 truxit,
490 2181 614 2250 minus
636 2175 806 2248 idoneus.
830 2177 953 2267 Quare
973 2189 1010 2248 et
1035 2175 1124 2251 huic
1147 2189 1314 2250 amotam

330 2301 519 2376 abbatiam
541 2289 741 2389 Richardo,
759 2297 1028 2396 religiosissimo
1041 2301 1142 2392 viro,
1159 2323 1282 2373 comes
1301 2355 1313 2395 ,

331 2419 551 2519 providente
565 2422 738 2518 episeopo
754 2431 865 2517 atque
880 2417 1097 2513 ordinante,
1114 2415 1316 2494 moderan-

333 2539 421 2615 dam
450 2542 647 2614 commisit.
680 2541 767 2631 Qui
782 2541 822 2609 in
848 2553 995 2613 tantum
1020 2541 1151 2614 fratres
1180 2567 1317 2616 norma

334 2659 577 2762 disciplinatae
606 2660 792 2760 religionis
814 2665 1030 2756 extruxerit,
1052 2675 1089 2737 et
1108 2667 1316 2736 intantum

335 2805 392 2860 res
411 2783 666 2885 stipendiarias
681 2783 929 2883 multiplicare
947 2785 1102 2860 exterius
1117 2759 1318 2859 laborave-

335 2909 404 2998 rit,
424 2922 470 2980 ut
484 2911 525 2978 in
546 2908 678 2978 nostris
697 2908 860 2998 viciniis,
879 2909 959 2980 Deo
981 2922 1188 3000 annuente,
1208 2907 1319 2994 nulla

336 3029 484 3102 abbatia
498 3029 674 3128 religione
687 3029 735 3100 sit
746 3032 998 3128 praestantior,
1015 3044 1080 3103 aut
1092 3029 1225 3130 opibus
1249 3031 1318 3102 lo-

336 3151 531 3250 cupletior.
562 3154 633 3223 Hic
652 3154 781 3244 etium,
798 3155 958 3225 extincta
969 3153 1124 3240 Fulradi
1141 3154 1285 3226 malitia
1304 3207 1315 3248 ,

335 3297 479 3374 semper
491 3275 540 3348 D.
554 3275 728 3372 episcopo
742 3297 828 3346 oum
848 3287 927 3347 tota
946 3277 1149 3348 reverentia
1166 3275 1323 3375 subjec-

336 3407 394 3469 tus
412 3399 547 3489 extitit,
563 3399 671 3496 eique
694 3399 734 3467 in
748 3396 937 3488 omnibus,
956 3399 1063 3470 sicuti
1076 3396 1199 3488 decet,
1215 3401 1322 3470 inte-

335 3529 476 3591 merato
490 3521 625 3589 amoris
641 3519 847 3616 signaculo,
875 3517 1153 3594 obsecundavit.
1177 3519 1322 3592 Fulra-

336 3637 405 3716 dus
453 3662 541 3712 vero
585 3652 692 3739 rapta
729 3664 855 3714 seeum
907 3645 1067 3741 pecunia
1110 3667 1225 3742 qnam
1268 3639 1322 3717 de

336 3757 447 3834 rebus
472 3762 509 3832 S.
544 3759 691 3834 Vedusti
719 3761 819 3835 furto
851 3763 1099 3856 subtraxerat,
1126 3763 1322 3840 eeclesiam

335 3881 571 3956 Remensium
584 3887 733 3983 expetit,
749 3883 1021 3988 deploratisque
1030 3911 1182 3960 suarum
1191 3911 1325 3962 erum-

230 4011 234 4016 '
336 4025 470 4081 aarum
487 4006 835 4103 necessitudinibus,
853 4011 1054 4088 Amulium
1071 4009 1325 4114 archipraesu-
