3044 4968
532 561 626 606 anan
642 557 772 608 rmus.
1070 549 1125 606 ¹28

135 721 195 797 illi
209 736 405 822 postquam
419 723 563 798 delator
576 721 724 824 publice
740 723 949 796 confutatus
964 737 1018 796 ast
1038 723 1127 800 falsa

137 840 332 950 detulisse,
346 848 451 920 lectis
464 845 635 944 capitulis
651 843 699 917 de
709 843 966 943 hujuscemodi
980 846 1127 919 calum-

135 966 371 1057 niatoribus,
408 965 580 1064 judicant
617 979 655 1038 et
688 961 916 1038 unanimiter
952 981 1122 1061 censent,

134 1111 228 1160 eum
254 1111 334 1185 quo
363 1087 554 1160 fruebatur
581 1084 725 1160 honore
744 1087 883 1185 privari
905 1082 1061 1178 debere,
1086 1113 1128 1162 ao

133 1204 350 1280 seeundum
370 1206 617 1306 capitulorum
644 1221 809 1284 tenorem
830 1205 1042 1277 inexilium
1067 1201 1129 1280 ress·

136 1325 260 1400 trudi.
277 1329 500 1402 Diaconatus
519 1329 633 1426 igitur
650 1351 726 1425 quo
747 1325 973 1422 fungebatur
994 1329 1129 1400 minis-

137 1451 239 1522 terio
265 1448 459 1540 multatus,
485 1475 507 1522 a
536 1461 735 1547 conspectu
754 1445 890 1544 synodi
909 1448 1128 1548 reprobatus

134 1570 306 1644 aboessit.
325 1567 477 1642 Artaldo
505 1594 592 1644 vero
615 1569 786 1670 praesuli,
808 1571 875 1669 qui
891 1570 1068 1643 omnibus
1088 1597 1126 1646 so

137 1689 293 1789 synodis
305 1691 600 1790 praesentabilem
613 1690 766 1783 fenerat,
782 1715 859 1764 non
873 1691 1057 1789 refugiens
1069 1719 1128 1790 sy-

140 1811 276 1888 nodale
301 1809 509 1910 judicium,
540 1815 769 1916 episcopium
794 1813 991 1904 Remense,
1022 1815 1128 1912 juxta

141 1960 330 2010 mnonum
350 1937 519 2008 instituta
535 1949 572 2008 et
590 1937 650 2008 SS.
676 1947 827 2033 patrum
844 1931 1016 2023 decreta,
1043 1957 1128 2006 om-

145 2061 235 2144 nino
247 2055 488 2132 retinendum
501 2071 613 2154 atque
626 2053 902 2154 disponendum
909 2053 1126 2148 decernunt,

150 2177 308 2270 landant
322 2193 436 2280 atque
450 2177 707 2254 corroborant.

429 2519 591 2702 (inp,
649 2555 868 2638 nxxrx.

151 2845 220 2888 POST
235 2839 420 2886 mamm
435 2839 576 2883 SUGOEDH
586 2834 789 2882 memus
801 2835 832 2879 IN
846 2835 918 2878 Bm
933 2835 1130 2881 roamrcm.

152 3017 424 3129 Barnaeum
446 3051 550 3127 huno
575 3053 615 3123 in
639 3049 825 3151 episcopio
844 3063 1007 3142 secutus,
1032 3074 1137 3122 sum-

154 3203 255 3250 mam
275 3179 462 3276 regiminis
480 3176 648 3274 sumpsit.
667 3174 732 3244 Vir
751 3169 934 3272 siquidem
958 3196 1001 3244 ex
1019 3169 1137 3243 nobili

157 3299 344 3398 paraptaia
361 3301 571 3372 Germaniae
593 3309 721 3385 ortus,
751 3291 872 3364 sedet
895 3293 1039 3363 Ottonis
1064 3293 1139 3362 im-

156 3425 334 3522 peratoris
354 3424 520 3523 proxime
535 3417 841 3515 consanguineus.
868 3415 940 3506 Qui
961 3413 1139 3511 quoniam

155 3545 271 3642 magis
300 3543 525 3617 secularibus
557 3563 672 3642 quam
707 3537 952 3612 ecclesiasticis
984 3533 1140 3632 negotiis

153 3665 392 3767 implicatus,
416 3691 483 3766 per
505 3663 713 3764 excellentis
735 3660 913 3758 prosapiae
931 3653 1141 3730 sublimita-

156 3805 254 3883 tem,
278 3791 447 3862 animum
472 3784 636 3886 quodam
658 3781 768 3883 pulsu
783 3781 972 3880 jactantiae
995 3777 1142 3850 attolle-

155 3910 246 4004 bat,
270 3935 421 3984 morum
442 3923 479 3981 et
497 3910 582 3982 vitae
605 3899 972 4002 obpugnationibus,
993 3909 1142 3994 sumpto

156 4033 282 4118 officio
299 4029 519 4108 eontraibat.
536 4029 605 4102 Hic
621 4026 732 4102 etiam
751 4037 863 4099 tantae
882 4017 1034 4092 feritatis
1051 4017 1143 4096 enti*
