2932 4974
465 573 559 618 blm
574 572 749 621 stcuttnue.
1038 565 1097 619 259

121 731 193 804 ubi
205 745 350 806 unctus
366 739 424 808 vir
436 735 507 808 Dei
518 734 758 828 Landelinns,
771 751 815 811 ut
824 741 902 837 jam
918 735 1033 836 paulo
1049 761 1103 810 sn»

122 855 248 950 perius
263 852 443 946 diximus,
459 879 530 955 pro
547 856 755 954 frequentia
773 858 950 949 fratrum,
973 857 1101 934 relicto

121 974 321 1048 laubiensi
340 977 533 1068 coenobio,
548 977 808 1053 commendato
831 981 912 1052 viro
931 979 1000 1050 Dei
1011 981 1101 1052 Um

121 1119 229 1170 mato
242 1099 441 1196 regimine,
455 1101 604 1198 suisque
616 1103 687 1172 rite
700 1099 879 1174 ordinatis
891 1101 1002 1174 rebus
1017 1153 1029 1192 ,
1043 1125 1102 1174 se-

120 1222 242 1312 cessit,
256 1221 416 1319 vitaeque
432 1219 615 1294 nitidioris
630 1220 854 1319 perfectione
871 1235 1008 1314 exacta,
1028 1224 1113 1300 mi-.

120 1365 235 1438 grans
254 1342 304 1416 ad
324 1342 535 1435 Christum,
571 1345 611 1414 in
642 1367 730 1440 pace
762 1343 943 1440 sepultus,
975 1343 1102 1416 multis

120 1461 325 1536 virtutibus
339 1467 552 1538 coruscavit.
577 1465 666 1538 Haec
683 1477 808 1536 nutem
829 1465 1035 1558 abbatiola,
1057 1479 1101 1538 nt

122 1586 164 1656 in
181 1587 305 1683 primo
317 1585 415 1659 libro
426 1588 466 1657 in
483 1586 874 1686 preceptisregalibns
889 1585 1008 1675 videri
1028 1611 1102 1686 po-

124 1719 213 1798 test,
232 1710 269 1778 S.
284 1708 353 1780 Dei
369 1710 495 1781 matris
507 1707 666 1782 ecclesie
681 1711 999 1784 Cameracensium
1016 1709 1098 1782 sub·

121 1832 243 1929 jacere
257 1827 392 1904 debere
413 1827 593 1920 traditur,
615 1829 680 1904 sed
697 1829 991 1904 infestationibus
1008 1855 1103 1928 gen-

113 1953 223 2023 tium
237 1952 548 2052 subripientibus,
576 1963 641 2026 aut
667 1955 708 2024 in
735 1953 942 2026 mutatione
965 1954 1100 2049 regni,

125 2071 240 2148 modo
260 2073 424 2167 divulsa,
450 2073 673 2146 militaribus
689 2076 777 2150 viris
796 2073 978 2146 beneficio
997 2071 1104 2147 infist-

126 2210 246 2270 oatur.
261 2195 372 2300 Apud
389 2197 516 2270 villam
531 2219 681 2295 quoque
694 2193 924 2286 Condntum,
940 2194 1029 2265 olim
1042 2217 1106 2266 re-

124 2318 218 2418 galis
229 2333 265 2392 et
278 2318 399 2412 dives,
415 2317 454 2392 in
469 2319 611 2419 bonore
625 2320 661 2390 S.
678 2315 825 2409 Merite,
852 2316 1004 2390 abbatia·
1021 2317 1105 2388 fue*

124 2454 184 2514 rat
207 2440 436 2540 puellarum:
466 2464 568 2530 nune
594 2421 718 2510 autem
737 2451 790 2512 cst
808 2440 1102 2529 monasterinm,

124 2587 204 2662 prae
222 2565 369 2662 inopia,
395 2586 600 2661 paucorum
620 2563 898 2633 canonicorum.
924 2558 997 2632 Ubi
1018 2583 1105 2632 sane

124 2697 271 2756 sanctus
288 2685 345 2756 vir
357 2683 425 2756 Dei
440 2682 668 2774 wasnulfus,
687 2707 818 2780 genere
833 2685 978 2772 Scotns,
995 2701 1104 2754 cursu

123 2803 429 2904 peregrinationis
444 2817 718 2896 consummato,
733 2802 916 2903 sepultus,
932 2825 1019 2875 cnm
1036 2825 1106 2900 pa-

124 2924 246 2998 tribus
272 2927 312 2996 in
331 2949 421 3024 pace
438 2923 686 3017 obdormivit,
711 2925 858 3024 suisque
878 2923 944 3024 (t)
966 2922 1103 2996 meritis

122 3069 279 3120 omnem
292 3046 417 3120 locum
431 3046 627 3120 illustravit
639 3047 840 3122 miraculis.
895 3077 898 3084 ’

311 3369 315 3378 .
436 3264 597 3444 Quis,
656 3309 805 3458 xxm
881 3349 885 3358 ·

324 3585 362 3626 ll!
378 3583 469 3626 Vlffl
483 3577 605 3623 bllflm.
620 3579 659 3620 b!
675 3577 746 3622 ΠΕΟ
760 3579 920 3621 RMNASOE.

122 3787 229 3902 Est*
245 3822 512 3898 monasterium
539 3845 688 3923 quoque
709 3823 972 3896 canonicorum
989 3825 1026 3893 in
1041 3804 1113 3894 ho-

116 4061 126 4103 „¹
163 4059 227 4128 (t)
245 4068 277 4111 A.
299 4059 331 4108 D·
347 4059 375 4108 sl
386 4059 417 4106 Gt
430 4053 565 4124 bajarum.
