2932 4974
364 520 420 574 ¹88
670 519 790 568 Cimoli.
804 519 884 567 om.
899 519 940 564 Ιτ
957 519 1033 566 An.

360 683 588 760 Balduinnm
605 681 776 756 videlicet
788 679 1053 756 Flandrensem
1071 694 1186 780 atque
1205 681 1327 755 Amul·

361 809 441 881 lum
453 806 793 896 valentianensem,
810 806 1009 904 asperrima
1023 803 1184 878 excrevit
1200 801 1328 878 discor
1439 847 1441 910 3

363 929 447 1023 dia,
472 951 556 1028 quae
576 927 760 1027 usque-ad
778 925 918 1000 bellum
940 923 1163 1024 procedens,
1182 928 1329 1025 quietem
1439 941 1440 996 l

362 1050 642 1150 hujuscivitatis
653 1050 875 1148 plerumque
887 1046 1138 1146 interpolavit.
1149 1048 1328 1147 Numquis

361 1174 539 1248 Erluinus
555 1175 748 1270 episcopus
762 1195 849 1244 cunt
864 1169 1021 1242 Arnullo
1036 1173 1192 1264 comite,
1213 1181 1328 1270 utpote

363 1321 448 1368 cum
460 1297 670 1367 communis
684 1293 883 1368 deditionis
897 1293 966 1367 sub
982 1297 1205 1394 imperatore
1216 1317 1329 1366 conso-
1441 1305 1442 1382 l

363 1419 440 1509 cio,
465 1415 752 1490 familiaritatem
776 1415 958 1508 habebat,
981 1414 1184 1488 Balduinus
1204 1417 1326 1489 civitati

364 1539 455 1614 huic
477 1539 610 1610 multas
628 1535 949 1612 incommoditates
969 1537 1169 1637 irrogabat.
1186 1539 1326 1611 Gravius

365 1662 477 1732 ctiam
497 1657 615 1730 furori
634 1657 824 1753 incubuit,
844 1657 910 1732 ubi
934 1673 1092 1748 mortem
1112 1659 1327 1758 imperatoris

365 1783 464 1856 tertii
477 1783 620 1854 Ottonis
633 1778 805 1854 audierit.
822 1781 965 1856 Eodem
980 1758 1167 1881 tempore,
1181 1784 1328 1882 impera-

366 1907 593 1980 tochmam
611 1902 815 2003 profectus,
833 1904 873 1973 in
896 1903 1052 2002 antiquo
1064 1904 1224 2002 palatio,
1239 1900 1329 2002 quod

365 2029 470 2102 estin
482 2039 609 2102 monte
623 2026 808 2100 Aventino
819 2022 1052 2114 versabatur,
1069 2037 1106 2098 et
1118 2027 1226 2098 sicuti
1237 2027 1329 2124 jure

364 2150 440 2241 nis,
473 2163 548 2222 tarn
571 2147 712 2224 viribus
735 2146 857 2222 audax
882 2171 995 2247 quam
1023 2171 1156 2244 genere
1184 2160 1327 2246 potens,

363 2295 543 2368 magnum
563 2268 765 2369 quiddam,
790 2273 907 2344 immo
929 2283 967 2344 et
984 2269 1209 2368 impossibile
1238 2271 1330 2367 cogi·

366 2407 467 2484 tans,
485 2394 674 2470 ,virtutem
707 2395 865 2466 Romani
896 2393 1043 2492 imperii
1064 2389 1113 2464 ad
1138 2395 1329 2492 potentian

365 2528 532 2588 veterum
545 2539 673 2610 regum
687 2511 863 2589 adtollere
872 2514 1092 2590 conabatur.
1101 2515 1329 2590 Moresetian

364 2635 620 2719 ecclesiasticos
642 2661 735 2737 quos
761 2640 915 2712 avaritia
943 2641 1197 2712 Romanorum
1217 2637 1328 2736 pravis

363 2761 707 2836 conmercationum
726 2761 854 2836 usibus
876 2761 1080 2851 vitiabant,
1103 2757 1152 2836 ad
1171 2781 1327 2834 normam

364 2887 499 2985 prioris
518 2887 645 2981 gratiae
668 2885 867 2959 reformare
892 2885 1107 2958 estimabat.
1142 2887 1192 2958 Ut
1218 2898 1329 2958 auten

364 3006 546 3080 efficacius
559 3004 632 3079 lroc
648 3005 872 3106 perfecisset,
888 3035 1070 3084 summam
1085 3007 1329 3083 familiaritatis

363 3130 519 3226 gratim
526 3125 722 3204 exhibebat
732 3133 927 3224 Romanis,
944 3134 1114 3231 ipsosque
1123 3130 1329 3204 utlocorum

364 3250 522 3345 accolas,
552 3265 589 3325 et
613 3275 762 3326 morum
783 3277 826 3326 ac
852 3251 1166 3326 consuetudinum
1184 3271 1328 3350 gnaros,

363 3378 437 3449 suis
451 3378 661 3448 Teutonicis
674 3375 888 3475 praeferens,
909 3375 1132 3450 consiliarios
1145 3373 1216 3448 sibi
1231 3370 1331 3445 habc-

362 3494 428 3568 bat
459 3511 496 3567 et
529 3499 680 3594 primos.
710 3499 895 3572 Nimirum
921 3499 1016 3572 bene
1043 3511 1081 3570 et
1104 3500 1189 3571 satis
1223 3505 1328 3570 astute

364 3615 598 3716 dispositum,
612 3621 641 3690 si
652 3616 820 3692 effectum
831 3623 1071 3719 contingeret.
1081 3619 1152 3692 Sed
1164 3633 1328 3692 neutrum

364 3736 549 3813 hobitum.
563 3743 646 3834 Quo
657 3744 757 3814 enim
770 3743 1042 3816 inclinatiorem
1055 3745 1229 3816 Romanis
1241 3761 1330 3840 pree-

363 3863 482 3938 stabat
501 3865 675 3962 gratiam,
708 3879 811 3940 tanto
843 3868 1115 3940 cervicatiorem
1142 3861 1328 3966 prodidere

363 3987 588 4086 superbiam.
607 3987 829 4088 Plerumque
855 3993 991 4064 etenim
1008 3991 1167 4064 maxima
1182 3983 1327 4064 familia-
