2932 4974
406 583 463 636 tta
713 585 833 636 onnon.
848 586 927 633 caat.
942 589 984 632 aa
1001 587 1076 634 aaa.

409 683 531 696 -fl--n

404 769 462 826 tus
491 751 654 852 pontifex
674 751 722 824 ab
743 747 881 822 eisdem
913 750 1089 824 fratribus
1121 751 1375 850 obsequiorum

403 874 629 948 exhibitione
646 863 1098 972 donatur,'munificisque
1121 871 1302 946 laudibus
1315 872 1378 944 ho-

405 997 556 1072 norifice
575 997 801 1071 cumulatur.
825 999 899 1069 Has
921 1010 1046 1086 autem
1068 995 1331 1070 benivolentia
1348 1008 1377 1066 et

403 1121 639 1221 subjectionis
665 1124 906 1213 reverentias,
940 1145 1031 1219 quas
1057 1121 1113 1190 sui
1146 1133 1375 1192 antecessores

297 1227 300 1232 ⁵
405 1243 579 1318 omnibus
604 1243 783 1340 episcopis
798 1243 911 1341 hujus
929 1239 1129 1328 dioeceseos
1141 1239 1373 1328 exhibebant,

405 1365 486 1458 iste,
521 1389 606 1437 cum
641 1367 715 1436 suis
745 1364 983 1465 sequacibus,
1010 1361 1198 1436 Fulradus
1213 1362 1376 1435 oblivioni

407 1487 502 1560 nrale
516 1485 700 1579 tradebat,
721 1489 786 1586 qui
803 1501 932 1564 contra
952 1485 1162 1584 evangelica
1178 1499 1218 1557 et
1235 1498 1373 1583 aposto-

404 1611 474 1682 lica
488 1607 634 1681 decreta
648 1611 820 1708 episcopo
834 1608 1025 1706 subjugari
1043 1605 1289 1680 detrectabat.
1304 1607 1374 1674 Pos-

405 1744 462 1803 tea
477 1744 599 1803 tamen
614 1729 732 1802 multa
745 1731 962 1802 auctoritate
985 1728 1173 1826 subjectus
1195 1753 1270 1802 esse
1292 1751 1372 1800 con-

391 1856 583 1947 ·vincitur,
598 1851 835 1952 tandemque
863 1849 1157 1952 resipiscens-ad
1188 1851 1373 1925 deditionis

399 1977 555 2076 jugum,
575 1978 743 2076 quamvis
765 1976 925 2065 invitus,
948 1972 1167 2047 reflectitur:
1194 1975 1282 2076 quia
1300 1973 1373 2070 qui-

404 2123 552 2198 cunque
577 2100 710 2198 jugum
741 2098 902 2198 episcopi
942 2095 1126 2170 declinare
1164 2093 1369 2178 contendit,

404 2223 515 2294 etiarn
532 2221 670 2293 Christi
687 2219 854 2318 refugere
871 2221 1119 2294 convincitur.
1144 2223 1263 2294 Nemo
1286 2217 1371 2294 enim

405 2343 544 2442 absque
577 2343 793 2442 episcopalis
829 2345 1021 2415 ministerii
1058 2343 1294 2432 conditione,
1331 2334 1371 2408 ad

406 2467 587 2537 unitatem
602 2465 761 2537 ecelesiae
776 2464 983 2561 colligitur,
997 2463 1202 2565 praesertim
1214 2489 1295 2540 curn
1308 2464 1370 2558 ipse

405 2586 590 2684 legislator
603 2588 806 2676 Dominus,
822 2611 909 2658 eum
927 2590 1000 2659 suis
1016 2586 1229 2686 discipulis,
1255 2583 1370 2681 subjec·

406 2723 465 2782 tus
491 2708 600 2819 luisse
632 2706 882 2781 sacerdotibus
903 2711 943 2780 in
964 2710 1154 2807 evangelio
1177 2705 1368 2794 ¹multifarie

406 2836 630 2932 reperiatur,
648 2834 727 2929 ipso
741 2843 933 2904 attestante
955 2833 1021 2930 qni
1041 2833 1111 2903 ait:
1135 2835 1311 2906 Nonacri
1326 2827 1369 2896 le-

402 2981 478 3054 pem
492 2958 630 3041 solvere,
647 2956 707 3024 sed
720 2955 905 3048 adimplere
923 2956 1034 3052 (Mat.
1051 2953 1087 3024 5.
1110 2954 1212 3051 17.):
1231 2949 1287 3025 ld
1302 2946 1368 3018 dis·

406 3077 548 3174 cipulos
561 3088 685 3148 autem
699 3074 880 3173 subjectos
888 3079 1009 3176 pravis
1016 3074 1266 3150 sacerdotibus
1275 3069 1365 3143 dicit:

410 3201 513 3296 Quod
525 3201 782 3295 dt'eurttfneite;
799 3201 889 3294 qnod
910 3213 1026 3274 autom
1035 3205 1183 3296 sociant
1203 3192 1367 3286 nolitesa-

404 3347 492 3394 eoru.
512 3322 625 3419 (Mat.
647 3321 707 3392 23.
728 3319 790 3418 3.)

710 3509 870 3693 dap,
945 3557 1088 3636 av11.

403 3757 605 3800 tutulum
628 3760 720 3802 SUPER
752 3762 845 3802 REBUS
867 3764 889 3802 0.
913 3765 1016 3806 maun
1042 3764 1251 3808 CORROBOMRI
1278 3749 1359 3800 altu!

729 3839 901 3881 nummata
911 3841 1059 3884 onmia.

405 4019 601 4133 Panna
619 4083 706 4132 vcro
724 4058 827 4160 qnod
841 4059 971 4136 dicunt
985 4065 1192 4156 Fontanus,
1209 4081 1274 4134 nce
1285 4069 1361 4155 pr0·
