2906 4970
436 602 530 646 aruer
544 603 694 648 scurrus.
998 595 1050 648 531

86 763 285 862 capellanus
299 778 396 854 erat,
413 789 527 863 quem
550 762 802 838 fidelissimum
826 765 895 838 sibi
922 777 958 837 et
984 789 1050 836 ec·
1123 775 1129 787 ‘

84 885 192 958 clesiae
207 885 260 956 illi
273 910 370 983 saepe
378 887 622 959 necessarium
638 888 676 958 in
694 888 818 958 multis
834 886 1053 985 probaverat

83 1005 126 1078 ad
152 1006 350 1104 regendam
373 1007 561 1082 ecclesiam
578 1010 876 1082 Cameracensem
898 1006 1052 1080 idoneus

83 1129 250 1202 enitebat.

367 1299 534 1482 (cap,
589 1346 765 1424 nv111.

80 1587 254 1628 OETBERTUS
277 1589 413 1628 ΜΝΛΤΕΙ
434 1587 471 1626 ΑΒ
491 1590 550 1628 latr.
571 1589 750 1630 nrtscomu
770 1589 974 1630 CAMBRACBMI
991 1589 1052 1632 GU!

102 1667 215 1706 mmm!
236 1665 457 1711 ΙΠΜΛΤΙΟΝΕ,
478 1667 668 1708 cucuron}
685 1667 811 1707 nmina
830 1665 869 1705 Tc
879 1665 970 1705 DEUM
981 1665 1053 1704 LAU-

101 1745 201 1786 news
219 1744 394 1784 luctantum
410 1745 540 1785 aarum
548 1745 696 1786 GNITA'HS
713 1743 880 1786 multotum!
891 1746 920 1784 El
934 1744 1052 1784 nactus

102 1823 208 1867 aanor,
221 1823 280 1862 MS!
293 1823 325 1861 a!
340 1823 554 1863 cancamum(
566 1823 767 1868 consanum.
781 1824 819 1861 ΕΤ
835 1823 866 1862 Vl
890 1823 1054 1862 ECCLBSIAH

102 1900 138 1940 ΙΤ
152 1900 321 1942 'Ulmum
337 1901 420 1947 3101,
433 1901 597 1952 MHUUQUE
611 1899 814 1943 armorum
826 1901 957 1942 lavania.

83 2071 249 2188 voceris
281 2117 405 2213 itaque
436 2115 705 2186 Cameracensis
732 2112 890 2185 ecclesiae
904 2113 1050 2210 legatis,

80 2249 146 2310 tam
163 2236 302 2311 clericis
319 2261 431 2334 quam
447 2235 569 2326 laicis,
589 2259 664 2307 suae
677 2234 878 2306 voluntatis
902 2247 1052 2306 senten-

80 2361 159 2432 tiam
182 2363 232 2432 eis
260 2360 427 2457 aperuit,
459 2361 503 2430 L.
534 2355 708 2431 videlicet
738 2359 981 2456 praepositum
1014 2381 1052 2428 se

79 2479 257 2578 praeficere
271 2479 363 2553 velle
377 2482 591 2580 episcopum
605 2478 764 2552 eeclesiae
781 2481 1049 2572 Cameracensi,

79 2603 247 2700 quemad
269 2601 468 2701 regendam
493 2603 680 2676 ecclesiam
699 2601 801 2676 illam
822 2603 952 2675 utilem
977 2627 1050 2675 esse

81 2723 261 2819 credebat,
279 2749 429 2824 suaeque
444 2723 684 2798 commodum
702 2723 885 2798 fidelitati.
906 2727 970 2796 His
991 2749 1052 2795 au·

80 2839 315 2952 ditispomnes
329 2849 460 2920 assensi
474 2861 574 2938 sunt,
588 2861 723 2945 praeter
737 2871 857 2918 unum
872 2845 1052 2919 archidia-

80 2988 224 3060 conum,
243 2970 415 3040 Guonem
433 2971 601 3063 nomine,
613 2972 678 3069 qui
694 2994 778 3042 mox
792 2972 982 3042 convictus
997 2981 1050 3042 est

80 3089 329 3162 contradixisse
354 3089 494 3164 invidia
513 3095 634 3191 potius
654 3117 767 3191 quam
785 3093 863 3165 ulla
887 3093 959 3165 alia
983 3117 1047 3165 ra-

80 3210 181 3284 tione.
198 3214 332 3309 Sicque
347 3226 535 3285 annuente
548 3215 617 3284 isto
638 3238 724 3284 cum
751 3213 831 3284 aliis
852 3215 1047 3306 omnibus,

80 3326 222 3406 donavit
239 3335 492 3432 episcopatum
509 3335 808 3404 Cameracensem
824 3333 922 3402 D.L.
941 3334 1052 3430 impe·

79 3465 170 3526 rator
191 3458 447 3528 Romanorum
471 3457 518 3526 H.
541 3449 737 3526 secundus.
762 3449 909 3524 Videres
936 3454 1051 3550 igitur

81 3576 1052 3680 omnepalatiumgaudiorepletumcsseetexultatioue

80 3711 111 3768 et
135 3701 374 3801 incipientem
403 3704 524 3800 ipsum
552 3704 660 3774 etiam
690 3701 967 3800 imperatorem,
1006 3705 1054 3774 Te

78 3820 183 3893 Deum
200 3825 405 3910 laudamus,
425 3828 595 3923 prosequi
619 3825 831 3922 episcopum
847 3849 933 3896 curn
951 3823 1051 3896 clero

80 3953 112 4010 et
127 3943 265 4042 populo
283 3969 399 4044 usque
416 3947 455 4016 in
470 3945 680 4036 ecclesiam,
699 3969 785 4017 cum
802 3946 915 4042 hujus
936 3942 1051 4038 hym·-

81 4063 358 4162 nijubilatione.
385 4053 641 4167 Magnificatus
663 4080 716 4141 est
738 4063 903 4166 pontifex
926 4087 1052 4161 aroge
