2906 4970
96 551 1073 566 ww...—

393 619 395 624 ν
454 601 548 646 cisen
563 601 711 646 rrnrrus.
1017 597 1075 651 275

96 762 1081 882 coe'piscopisquiaderantexclamavit.Adcujusreiex·

97 891 338 988 perientiam,
353 889 495 959 litteras
509 912 551 957 ex
565 887 768 957 nomineD.
777 888 974 984 Apostolici
989 889 1078 963 falso

97 1013 256 1110 signatas
274 1015 313 1082 in
333 1007 458 1082 medio
471 1007 721 1109 publicavit,
711 1033 749 1080 1n
764 1009 899 1108 quibus
912 993 1080 1086 Hardui-

98 1160 193 1206 num
206 1161 278 1235 pro
296 1134 421 1206 multis
441 1121 659 1206 criminibus
672 1130 1021 1206 anathematizatum
1036 1159 1081 1209 es·

97 1256 351 1336 secontendit.
361 1255 417 1328 Ad
429 1252 1084 1358 quodroborandumaliquoteoe'pis

98 1405 287 1482 soporum
304 1377 557 1454 fraudulenter
574 1377 719 1469 illectis,
741 1381 850 1450 etiam
868 1377 915 1451 Ι).
939 1361 1083 1481 episco-

97 1525 198 1602 pum
217 1491 353 1573 illicere
370 1501 572 1572 aestimavit.
594 1498 641 1569 D.
664 1511 787 1570 autem
803 1502 994 1601 episcopus
1005 1507 1083 1602 ejus

98 1615 1085 1724 commentadeclinans,quamvisHarduinilapsusali·

101 1759 197 1846 quot
210 1770 287 1818 non
301 1747 472 1836 nesciret,
488 1744 597 1841 longe
607 1743 775 1817 dissensit
785 1799 794 1837 ,
804 1745 976 1843 judicans
989 1763 1087 1822 certe

102 1867 343 1941 Harduinum
351 1893 586 1968 nequaquam
591 1853 822 1967 JudrcroeJus
836 1869 1088 1944 deberedam-

103 1993 202 2084 nari,
217 1994 324 2090 cujus
339 1991 492 2064 consilio
506 1989 649 2108 objecta
663 1993 818 2062 crimina
831 2008 1084 2092 perpetrasset.

104 2103 340 2213 Acupellanis
357 2117 458 2186 enim
475 2138 626 2200 eorum,
642 2111 898 2205 Harduinum,
915 2114 1089 2188 hortante

104 2235 275 2327 Azelino,
297 2234 470 2335 quaedam
495 2236 618 2332 turpia
636 2233 759 2306 fecisse
780 2234 958 2308 audierat.
984 2241 1090 2332 Quo-

104 2383 192 2432 rum
220 2383 308 2430 vero
336 2357 525 2430 contentio
545 2353 612 2427 diu
632 2357 791 2428 invicem
817 2359 1011 2454 ventilata,
1045 2386 1089 2434 eo

105 2505 224 2578 usque
254 2481 449 2578 processit,
480 2493 523 2550 ut
549 2479 726 2551 instinctu
753 2476 936 2554 diabolico
968 2483 1007 2556 in
1038 2510 1090 2558 ar·

106 2627 167 2673 ma
189 2601 314 2673 volare
335 2599 649 2680 excandescerent.
676 2601 725 2673 D.
750 2616 874 2675 autem
897 2607 1088 2705 episeopus

105 2726 244 2823 partim
259 2727 444 2797 canonicis
464 2723 588 2796 ferulis
601 2723 821 2796 alterutrum
840 2751 1027 2824 pungens,
1041 2725 1089 2798 ad

106 2861 255 2947 tempus
270 2844 484 2920 difficillime
503 2843 769 2947 tranquillavit.

428 3065 591 3254 cap.
651 3119 753 3193 xx.

102 3335 226 3378 AGBM'!
244 3333 369 3376 mullo
387 3335 429 3379 ΑΒ
453 3333 748 3374 nonsummum
764 3331 923 3378 umuli
942 3335 1086 3378 maim

130 3415 247 3465 QUEM!
260 3414 410 3454 santonus:
424 3411 522 3460 QUARE
541 3411 611 3450 BJUS
627 3409 867 3449 cantuariorum
878 3410 1087 3474 COMECM'I'IQ.

129 3493 163 3533 M
180 3491 334 3532 GBMRDU!
351 3487 507 3532 mcertis
526 3485 783 3528 nauantem
797 3485 997 3530 unctantem.
1070 3523 1073 3534 .

105 3668 323 3780 ”errrore
341 3705 385 3778 A.
403 3706 639 3777 Remensium
653 3701 947 3807 archiepiscopo,
966 3711 1087 3783 Azeli-

104 3853 179 3902 nus
204 3825 461 3900 Laudunensis
489 3824 676 3927 quendam
709 3825 844 3900 laicum
875 3829 1086 3902 Ebulonem

104 3953 282 4041 nomine,
301 3964 407 4023 autea
421 3975 530 4022 suum
553 3951 807 4042 secretarium,
829 3965 865 4022 et
886 3977 960 4022 suae
981 3951 1088 4023 calli-

104 4071 236 4148 ditatis
252 4069 444 4151 conscium¹
454 4073 725 4164 acclamavit,et
739 4087 782 4146 ut
796 4099 858 4145 rex
873 4071 1088 4148 concederet

871 4195 916 4266 18
