2902 4972
1284 501 1359 514 *-

379 505 436 598 lllss
493 543 496 548 ¹
750 551 825 598 Arr.
843 551 975 598 aaran

1169 644 1353 657 *0-

378 713 565 812 sepelitur.
582 717 697 814 Cujus
711 711 951 814 sepulchrum
966 713 1081 786 inciso
1095 711 1221 813 lapide
1243 710 1353 787 dmo-

378 851 500 913 ratum
524 863 641 938 usque
661 840 701 910 in
721 836 818 910 hanc
844 835 943 910 diem
964 834 1254 910 demonstratur.
1279 840 1352 912 llos

378 963 429 1034 ita
443 960 567 1054 finito,
584 987 721 1061 quum,
736 963 776 1034 in
791 961 1041 1034 Cameracensi
1057 960 1229 1052 ecclesia,
1255 959 1351 1033 nulla

377 1110 447 1185 pro
477 1084 699 1158 dissensione
728 1084 1012 1182 obloquentium
1036 1081 1116 1156 fieri
1136 1097 1259 1184 posset
1280 1097 1351 1156 rata

339 1255 342 1262 .
379 1207 528 1300 electio,
544 1205 669 1280 aditur
686 1208 888 1305 imperator
908 1207 992 1304 qui,
1017 1218 1164 1305 reperto
1183 1206 1347 1301 consilio,

380 1329 555 1404 clericum
571 1331 767 1404 unumsibi
779 1328 940 1402 fideliter
953 1329 1217 1429 obsequentem
1228 1332 1350 1430 Aquis·

379 1455 499 1550 grani,
515 1452 773 1526 Burehardum
788 1456 958 1547 nomine,
975 1477 1060 1526 cum
1073 1453 1202 1552 legatis
1214 1457 1288 1528 suis
1306 1450 1348 1524 ad

377 1578 630 1676 episcopatum
646 1580 945 1652 cameracensem
962 1580 1174 1652 transmisit.
1190 1581 1264 1672 Qui
1279 1603 1346 1652 sus·

380 1713 506 1798 septus
534 1713 570 1772 et
598 1701 751 1794 electus,
782 1699 939 1802 fereper
961 1703 1179 1796 biennium,
1202 1715 1347 1804 propter

379 1825 796 1898 excommunicationem
834 1828 1083 1927 imperatoris,
1121 1829 1346 1901 inconsecra-

381 1958 438 2018 tus
467 1951 613 2020 mansit.
638 1945 710 2020 Sed
736 1945 888 2020 tandem
917 1951 1110 2024 miserante
1132 1949 1343 2050 apostolico,

379 2071 468 2167 quia
484 2067 627 2142 donum
640 2073 870 2171 episcopatus
886 2069 934 2143 de
948 2097 1062 2144 manu
1076 2074 1170 2172 regis
1191 2099 1269 2146 non
1287 2097 1345 2146 sc·

379 2207 543 2291 ceperat,
561 2193 716 2295 adeptus
730 2209 784 2268 est
798 2193 1344 2271 benedictionem.1alicaoomite

379 2315 419 2386 B.
443 2318 600 2414 juvene,
630 2316 721 2390 dum
746 2317 966 2417 aegritudine
993 2317 1139 2393 diutina
1168 2347 1282 2420 quam
1308 2345 1344 2392 ex

379 2438 532 2513 vulnere
557 2441 753 2515 insanabili
775 2454 1008 2518 contraxerat
1039 2437 1246 2526 laboraret,
1275 2467 1342 2516 non

377 2561 456 2632 sine
473 2566 592 2660 pretio
607 2589 741 2663 magno
756 2565 970 2639 consiliariis
983 2567 1062 2666 ejus
1079 2565 1233 2659 collato,
1257 2565 1342 2639 hanc

377 2683 504 2756 villam
524 2711 610 2759 cum
635 2691 729 2760 turri
752 2691 908 2788 recepit,
934 2703 972 2760 et
1000 2687 1173 2788 deinceps
1195 2689 1339 2764 liberant

378 2809 629 2882 Cameracensi
645 2809 778 2883 ditioni
798 2813 969 2883 restituit.
986 2811 1042 2884 De
1061 2809 1133 2886 hoe
1154 2816 1287 2888 comite
1305 2813 1339 2884 Β.

371 2932 503 3028 ,paucis
517 2929 736 3026 dicendum,
753 2932 856 3033 quod
865 2935 1013 3033 juvenis
1027 2937 1178 3034 optimae
1196 2935 1339 3029 indolis,

378 3051 499 3124 cultor
512 3052 622 3127 fuerit
634 3058 786 3156 justitiae
803 3073 839 3131 et
852 3061 970 3160 pacis,
993 3057 1086 3132 adeo
1105 3073 1149 3132 ut
1169 3084 1239 3158 pro
1258 3081 1339 3132 con·

376 3175 555 3250 servanda
582 3181 704 3277 quiete
733 3184 881 3281 patriae,
907 3186 1084 3281 juvenem
1115 3207 1236 3256 uuum
1261 3179 1338 3254 furti
1430 3281 1431 3284 Ἴ

376 3323 503 3392 reum,
519 3301 687 3376 inaudita
703 3317 741 3376 et
755 3303 952 3378 miserabili
970 3318 1108 3399 morte,
1132 3305 1234 3405 apud
1255 3309 1338 3378 liru-

374 3423 1336 3521 gias,incbaldarialeoeritbullire.Cum,admirauti-

374 3541 444 3618 bus
458 3546 575 3622 turbis
588 3565 624 3622 et
640 3551 834 3646 flentibus,
850 3577 918 3626 nec
932 3554 1007 3652 ipse
1022 3579 1043 3626 a
1059 3551 1246 3628 lachrimis
1260 3575 1336 3655 pos-

374 3681 427 3740 set
451 3683 674 3770 temperare,
702 3674 803 3750 unde
829 3691 866 3750 et
891 3691 1009 3750 terror
1026 3680 1106 3777 ejus
1130 3703 1197 3777 per
1222 3697 1335 3750 omno

372 3793 580 3888 provincias
597 3797 844 3874 malefactores
864 3799 949 3875 lecit
970 3803 1124 3874 omnino
1145 3803 1330 3901 quiescere·
1428 3801 1429 3889 l

371 3912 442 3988 Sed
456 3941 573 4015 quum
589 3921 629 3992 in
643 3923 909 3996 Normanniam
927 3949 1040 4024 quam
1059 3923 1196 3998 crebris
1208 3922 1333 3998 exerci-

372 4039 470 4114 tibus
500 4043 752 4142 opprimebat,
777 4047 961 4148 profectus
989 4063 1098 4140 esset,
1121 4062 1270 4149 accepto
1286 4045 1333 4120 la·
