2902 4972
347 518 404 574 362
432 545 434 550 ·
458 569 462 585 ,
713 519 786 564 arr.
805 517 938 565 arram

345 690 433 764 dine
449 691 644 788 corporis,
672 711 710 760 se
740 687 810 762 sub
843 700 989 786 reperta
1018 687 1149 760 arbore
1187 688 1317 762 lassata

345 814 469 888 volens
488 814 715 911 requiescere
728 810 893 884 membra
899 861 1074 881 .....

400 939 489 1010 Haec
522 934 590 1006 diu
629 934 874 1032 semivigilans
904 935 1099 1033 jacuerat,
1132 959 1254 1032 quum
1272 959 1324 1008 re·

346 1073 458 1160 pente
487 1058 670 1156 malignus
702 1057 878 1156 spiritus,
914 1055 984 1128 sub
1021 1054 1146 1155 aliqua
1189 1057 1323 1133 visibili

346 1185 488 1283 specie,
506 1205 630 1254 coram
655 1205 697 1251 ea
718 1177 887 1271 adstans,
903 1192 940 1251 et
959 1192 1002 1250 ut
1021 1181 1100 1278 ipsa
1114 1179 1224 1252 nobis
1240 1203 1325 1279 pos-

346 1319 405 1378 tea
423 1305 575 1394 retulit,
600 1305 704 1402 quasi
726 1327 883 1401 cappam
907 1327 1023 1373 unam
1053 1303 1092 1372 in
1114 1328 1233 1376 manu
1258 1301 1324 1374 de-

347 1424 479 1516 ferens,
496 1423 620 1496 induit
639 1449 744 1516 eam,
769 1439 806 1496 et
826 1427 877 1497 sic
894 1449 975 1496 eam
990 1449 1033 1496 ex
1053 1438 1131 1496 toto
1145 1425 1318 1523 possedit.
1432 1481 1433 1486 η

347 1544 414 1619 Illa
431 1572 514 1618 mox
528 1545 636 1618 effera
652 1549 758 1636 etsui
776 1549 931 1618 omnino
957 1549 1078 1619 nescia
1100 1547 1268 1646 prosilit,
1292 1561 1324 1620 et

349 1667 452 1770 quod
478 1667 663 1766 reliquum
690 1682 768 1741 erat
786 1671 924 1762 noctis,
945 1669 1086 1767 sylvam
1105 1696 1321 1769 peragrans,

349 1789 500 1866 tandem
519 1816 626 1862 mane
639 1789 736 1864 facto
750 1817 770 1864 e
784 1791 886 1888 sylva
902 1790 1151 1891 progreditur.
1175 1793 1327 1893 Diuque
1433 1861 1434 1864 ,

348 1939 439 2010 vaga
462 1937 530 2013 per
550 1937 654 2011 agros
678 1912 905 2006 discurrens,
927 1913 974 1985 ab
1001 1914 1130 1987 incolis
1152 1940 1325 2016 compre-

347 2033 461 2108 hensa
487 2035 645 2132 ligatur,
668 2049 705 2106 et
724 2038 838 2133 magis
859 2034 984 2108 ferinis
1009 2059 1122 2133 quam
1151 2034 1324 2112 humanis

347 2157 498 2231 vocibus
514 2156 765 2251 inclamitans,
789 2156 837 2231 ad
859 2156 932 2230 hoc
952 2161 1221 2232 monasterium
1244 2187 1326 2234 ver-

344 2277 495 2352 beribus
512 2283 646 2378 agitata
660 2280 890 2379 perducitur.
907 2282 998 2374 Quae
1019 2278 1112 2353 dum
1131 2282 1323 2356 liminibus

347 2402 505 2474 ecclesiae
512 2403 1070 2502 propinquaret,velutimmane
1078 2407 1325 2506 praecipitium

348 2545 576 2621 praecavens,
593 2525 841 2618 retrocedere,
859 2541 895 2599 et
914 2551 960 2599 ne
981 2529 1136 2599 intraret
1160 2541 1241 2600 toto
1262 2553 1327 2601 an-

349 2646 433 2716 nisu
450 2645 642 2738 reluctari,
665 2646 728 2720 sed
750 2673 771 2719 a
792 2648 1040 2748 praesentibus.
1054 2647 1236 2747 impulsa,
1256 2651 1326 2722 imo

349 2767 470 2859 illata,
494 2770 533 2839 in
559 2767 682 2840 medio
704 2769 854 2868 templi,
888 2793 1012 2868 sparso
1046 2773 1222 2844 stramine
1253 2771 1327 2845 ool-

350 2891 507 2962 looatur.
539 2889 670 2988 Ibique
692 2893 861 2990 quamvis
892 2893 1015 2978 stricte
1048 2889 1180 2989 ligata,
1216 2897 1325 2967 mise·

353 3012 525 3106 rabiliter
543 3012 619 3086 huc
639 3014 801 3114 illucque
821 3013 1073 3088 volutabatur.
1093 3015 1256 3090 Horrida
1275 3017 1327 3090 fa-

354 3136 438 3226 cies,
454 3133 683 3208 flammantes
698 3137 810 3227 oculi,
827 3135 1020 3207 horrorem
1035 3135 1200 3234 quodam
1216 3137 1324 3211 modo

352 3258 583 3331 intuentibus
605 3258 835 3357 ingerebant.
858 3259 952 3330 Nam
981 3273 1017 3330 et
1043 3283 1106 3331 ore
1132 3285 1326 3359 spumans,

350 3379 591 3482 linguamque
605 3380 778 3456 dentibus
792 3383 985 3456 masticans
995 3383 1235 3480 sanguineam
1249 3383 1326 3457 sali-

351 3527 435 3577 vam
451 3507 490 3575 in
512 3507 726 3606 aspicientes
747 3505 949 3606 expuebat,
967 3517 1011 3578 ut
1029 3517 1155 3603 aperte
1178 3503 1325 3579 daretur

352 3629 497 3724 agnosci
511 3631 672 3702 *exterius
695 3653 771 3728 quo
796 3627 1003 3702 habitatore
1020 3642 1213 3701 vexaretur
1231 3629 1326 3700 inte-

351 3752 440 3823 rius.
463 3751 536 3823 Nos
557 3777 644 3827 vero
668 3752 758 3826 diris
776 3755 855 3853 ejus
876 3750 1097 3828 clamoribus
1118 3763 1155 3823 et
1173 3753 1325 3851 strepitu

351 3873 453 3974 vulgi
475 3879 727 3950 concurrentis
747 3878 929 3977 permoti,
955 3889 1038 3975 post
1060 3873 1203 3974 aliquot
1221 3871 1326 3946 horas

351 4000 577 4093 accessimus,
596 4013 633 4074 et
650 3999 801 4098 maligni
815 3997 928 4074 hostis
945 3999 985 4070 in
1000 4017 1041 4070 ea
1055 3995 1323 4070 habitationem
