3088 4968
547 595 641 641 Hm
659 595 787 644 sentus.
1125 594 1161 646 Π

185 763 376 864 gressionis
400 772 604 860 apparatu,
628 773 817 860 caeperunt
837 775 961 836 mente
984 760 1160 858 deficere,

184 901 222 960 et
232 883 499 982 languentibus
513 880 668 976 dextris,
690 896 828 956 terrore
847 884 959 956 simul
975 897 1012 956 et
1027 884 1163 958 formi-

186 1008 275 1080 dine
299 1004 489 1096 dissoluti,
514 1007 597 1078 vitae
620 1006 744 1104 potius
765 1003 1020 1104 desperatione
1049 1033 1163 1107 quam

55 1185 56 1188 ,
185 1130 354 1204 vietoriae
370 1123 561 1225 dispendio
582 1127 725 1224 agitari.
741 1125 877 1200 Videris
897 1151 960 1200 rex
974 1128 1164 1228 palantem

187 1253 407 1341 exercitum,
423 1274 535 1347 supra
555 1251 631 1322 vim
648 1252 817 1337 terroris,
846 1251 1023 1324 virtutem
1047 1254 1164 1326 animi

185 1397 337 1473 gerens,
354 1369 528 1471 prohibet
546 1371 730 1482 trepidare
745 1372 899 1466 milites,
917 1375 1106 1472 magisque
1121 1377 1163 1446 in

188 1493 363 1594 praelium
384 1491 570 1584 accendit,
594 1519 640 1566 ne
669 1496 762 1567 tanti
783 1497 1006 1568 aestimarent
1034 1499 1165 1568 mortis

187 1615 398 1714 periculum
412 1615 666 1714 quamgloriae
681 1615 929 1717 triumphum.
946 1620 1026 1716 Ipse
1040 1617 1166 1717 itaque

187 1737 337 1836 signifer
349 1739 641 1830 revocansaeies,
658 1739 800 1835 primus
813 1765 953 1838 equum
968 1741 1007 1812 in
1021 1737 1166 1812 hostem

187 1860 283 1957 egit,
307 1874 345 1932 et
364 1859 525 1934 clamore
543 1883 680 1958 magno
696 1863 843 1959 sequuti
875 1863 1019 1954 caeteri,
1036 1862 1167 1936 acriter

79 2057 83 2062 ,
188 1980 430 2056 dimicabant.
454 1982 652 2056 Alemanni
672 2009 693 2054 e
716 1997 864 2076 contra,
881 1983 1022 2058 viribus
1036 1997 1073 2056 et
1090 2011 1167 2056 nu-

189 2129 291 2177 mero
313 2105 613 2204 prestantiores,
640 2103 775 2200 quibus
792 2129 862 2202 pro
883 2107 960 2176 vita
980 2117 1018 2175 et
1038 2109 1167 2204 patriae

189 2227 357 2300 libertate
373 2251 431 2300 res
448 2239 546 2316 erat,
562 2237 760 2322 coeperunt
775 2223 918 2298 fortiter
930 2229 1092 2306 Francos
1105 2255 1167 2302 ur·

187 2378 292 2452 gere3
315 2353 381 2428 alii
397 2353 557 2450 sagittis,
579 2349 642 2422 alii
657 2349 754 2444 telis,
783 2351 847 2424 alii
870 2352 1008 2426 balistis
1027 2353 1166 2430 ceden-

187 2491 239 2550 tes
255 2475 466 2550 confodere.
493 2477 569 2548 Rex
584 2487 729 2567 autem,
746 2475 815 2548 ubi
829 2477 1034 2550 multorum
1051 2481 1165 2552 amis-

186 2595 406 2674 sionevidet
419 2595 644 2670 dilabentem
658 2621 735 2670 non
748 2623 851 2695 posse
864 2599 1057 2674 subsistere
1070 2625 1166 2674 exer·

187 2723 325 2813 citum,
351 2744 421 2794 nec
438 2731 585 2792 vocatos
606 2715 693 2792 deos
719 2720 870 2792 instanti
899 2719 1066 2818 periculo
1092 2722 1163 2794 sibi

187 2841 419 2932 subvenisse,
436 2839 545 2912 rebus
562 2839 773 2939 desperatis,
790 2840 1029 2914 fortissimum
1044 2841 1166 2916 Deum

190 2960 487 3036 Christianorum
506 2987 618 3062 quem
637 2965 765 3062 regina
785 2961 984 3037 colendum
999 2964 1032 3034 ei
1047 2988 1168 3038 suase-

188 3099 268 3178 rat,
284 3087 492 3178 invocavit,
508 3099 595 3158 voto
611 3111 649 3158 se
662 3085 828 3183 obligans
840 3111 878 3159 se
893 3111 981 3160 cum
995 3109 1062 3158 suo
1076 3112 1170 3160 exer·

189 3209 268 3282 citu
290 3209 511 3282 sacrofonte
534 3207 778 3302 diluendum,
805 3212 834 3282 si
855 3211 1037 3284 conversis
1056 3209 1167 3285 rebus

193 3330 312 3402 victor
326 3329 545 3405 abhostibus
557 3343 762 3404 remeasset.
778 3333 853 3402 Nec
865 3354 984 3420 mora,
1000 3323 1168 3404 recreatis

191 3450 332 3526 viribus
369 3467 405 3526 et
434 3455 611 3552 reparatis
639 3449 873 3549 agminlbus,
909 3473 996 3521 curn
1029 3449 1169 3523 auxilio

188 3576 377 3652 Trinitatis
393 3574 514 3650 hostes
529 3573 712 3650 invadunt
726 3589 762 3648 et
774 3601 869 3675 pene
883 3571 931 3646 ad
949 3575 1169 3648 internecio-

188 3721 275 3768 nem
292 3721 420 3770 omnes
437 3695 662 3790 devincunt,
682 3699 751 3769 nisi
769 3697 905 3797 quibus
918 3695 1007 3794 fuga
1023 3710 1088 3769 aut
1099 3695 1169 3770 vde-

188 3815 281 3890 ditio
295 3817 366 3889 fuit
389 3815 581 3892 advitam.
601 3817 811 3916 Intelligens
830 3843 893 3891 rex
914 3843 991 3890 non
1009 3832 1084 3889 tam
1104 3842 1171 3890 sua

186 3942 346 4034 virtute,
363 3967 477 4041 quam
492 3941 561 4012 Dei
576 3965 729 4013 munere
744 3939 865 4013 hostes
881 3953 1089 4039 superatos,
1108 3941 1171 4010 eui

189 4087 228 4134 se
249 4061 337 4138 fidei
358 4077 446 4139 voto
473 4066 758 4156 constrinxerat,
778 4059 931 4133 Tullum
953 4087 1038 4134 mox
1058 4063 1170 4160 oppi-
1196 4043 1198 4046 ⁵

1006 4207 1026 4254 s
