2932 4974
553 577 649 624 um
666 579 794 626 ramus.

529 839 690 1022 beu.
738 893 853 973 cvr.

181 1155 230 1197 m
253 1153 516 1196 nuscanum
533 1153 663 1196 rumor
684 1154 974 1207 murmurosos
998 1157 1169 1204 amnuens

174 1281 184 1290 ‚
286 1233 655 1276 conumeraremus!
663 1235 703 1274 rr
716 1234 1080 1284 macorunornaaourr.

189 1435 256 1544 ln
279 1468 346 1542 illo
364 1489 451 1540 vero
479 1481 656 1567 tempore,
671 1469 872 1564 Fulradus,
901 1471 991 1544 falso
1019 1477 1170 1548 nomine

186 1588 419 1681 monachus,
435 1588 592 1662 abbatiae
607 1595 816 1689 praeeratS.
830 1592 997 1686 Vedasti,
1023 1597 1088 1693 qui
1107 1599 1170 1668 in-

185 1711 411 1810 regulariter
423 1715 575 1806 vivens,
596 1714 850 1814 praelationcm
871 1719 987 1790 sancti
1009 1721 1169 1792 nominis

186 1835 348 1910 exuebat
361 1833 541 1934 dignitate
555 1835 719 1944 honoris.
737 1841 844 1912 Curis
860 1865 1023 1939 namque
1043 1854 1170 1939 pasto-

185 1957 279 2032 ralis
292 1958 448 2032 solertiae
463 1960 559 2034 male
572 1959 810 2060 posthabitis,
828 1961 913 2061 plus
927 1966 1044 2036 nimio
1056 1963 1171 2037 saecu-

187 2078 333 2154 laribus
362 2084 535 2180 negotiis
554 2082 836 2181 implicabatur,
868 2109 910 2156 ac
937 2084 1170 2158 lenocinante

195 2204 317 2276 carnis
332 2202 536 2295 desiderio,
561 2202 697 2276 horreo
718 2201 1171 2303 dicere,specie1n'sancti

189 2321 344 2400 habitus
359 2311 515 2398 omnino
528 2326 794 2400 mentiebatur.'
802 2323 912 2418 Quod
927 2329 1028 2400 enim
1045 2329 1084 2400 in
1099 2332 1172 2401 usi-

187 2447 268 2521 bus
288 2449 467 2543 ecclesiae,
489 2451 564 2524 sive
585 2449 743 2523 fratrum
765 2448 914 2524 deberet
931 2451 1168 2552 expendere,

190 2567 271 2644 boc
287 2574 485 2666 nimirum,
502 2587 539 2647 at
553 2585 611 2665 at,
627 2598 694 2672 per
707 2575 909 2648 amicarum
923 2575 1170 2650 conciliabula

187 2697 355 2793 turpiter
367 2695 602 2796 profligabat.
619 2699 701 2789 Qua
714 2695 761 2769 de
775 2723 815 2770 re
829 2697 875 2770 ab
890 2702 1061 2799 episcopo
1074 2724 1170 2797 saepe

186 2815 291 2890 clam
313 2832 481 2912 vocatus,
506 2817 669 2892 districte
688 2817 902 2916 judicatur,
925 2823 1086 2917 graviter
1109 2825 1171 2894 ar-

184 2942 335 3038 guitur,
351 2940 415 3016 sed
429 2967 528 3034 cum,
544 2941 787 3040 incorrigibili
800 2945 920 3040 rigore
937 2941 1108 3036 duratus,
1120 2944 1170 3016 ab

186 3063 343 3162 incepto
361 3066 485 3138 minus
509 3063 714 3156 desisteret,
740 3064 890 3168 publice
904 3065 1168 3164 reprehensus,

187 3185 297 3281 virga
313 3187 521 3286 apostolice
536 3189 764 3261 auctoritatis
774 3189 860 3284 jure
882 3185 1027 3260 feritur.
1043 3191 1170 3262 Postea

194 3319 319 3380 tanien
330 3313 486 3409 speciem
501 3311 730 3409 poenitentiae
748 3305 927 3398 induens,
944 3308 992 3380 ad
1008 3309 1171 3406 satisfae7

192 3430 332 3504 aionem
346 3457 559 3524 recurrens,
576 3429 758 3504 confessus
772 3428 943 3528 culpam,
959 3453 1091 3528 rogans
1104 3456 1171 3504 ve-

188 3554 327 3645 niam,
353 3553 584 3628 absolutionc
612 3551 786 3626 donatur.
822 3549 1047 3626 Procedente
1066 3561 1170 3628 'vero

186 3669 372 3776 tempore,
391 3680 555 3776 pristinae
569 3677 742 3777 pravitati
757 3677 890 3748 rursus'
900 3674 1113 3771 adhaerens,
1127 3693 1171 3749 ut

186 3800 269 3888 suis
295 3797 448 3898 quidem
474 3797 680 3873 feculentiis
701 3798 817 3871 laxior
844 3801 963 3898 possit
978 3797 1168 3890 insistere,

186 3927 308 4023 coepit
321 3927 419 3998 inter
433 3927 661 4026 episcopum,
678 3936 714 3996 et
727 3924 824 3995 inter
838 3921 1052 4014 mulsum,
1066 3923 1171 3994 Flau-

188 4041 586 4142 drcnsiumcomitem,
605 4071 763 4147 suosque
779 4043 906 4122 fideles
923 4068 1058 4118 novam
1074 4041 1170 4117 odio·
