3044 4968
542 583 634 628 arana
657 583 785 630 narnus.
1101 583 1156 636 ιιι

170 671 1155 709 Ἦ

173 745 338 826 gnabimus
358 746 534 810 Trinitatis?
553 748 635 826 Quid
659 761 761 812 autem
779 773 834 831 per
851 756 1082 834 quaternarium
1099 756 1159 816 nisi

173 863 309 930 quatuor
319 851 577 934 evangelistarum
586 853 693 914 tubas?
707 854 747 916 Hi
757 855 850 916 simul
860 857 962 918 collati
975 857 1064 920 illam
1075 879 1161 924 tano-

172 955 327 1016 tissimam
336 956 464 1037 plenam
474 955 778 1032 doniscarismatum,
804 959 1011 1038 septiformem
1030 965 1159 1044 gratiam

172 1057 401 1122 demonstrant.
427 1057 622 1140 septenarius
645 1083 719 1124 vero
743 1062 790 1124 bis
810 1063 935 1140 ductus,
960 1077 991 1126 et
1005 1081 1158 1146 assumpto

172 1166 315 1226 ternario
325 1185 399 1226 xrn.
416 1169 671 1248 quaternarioque
684 1189 769 1228 xrnr.
785 1166 863 1230 Ecce
880 1169 1012 1250 qualiter
1035 1191 1078 1230 111.
1102 1193 1156 1232 vn.

171 1279 274 1348 atque
284 1289 339 1328 ιιιι.
356 1271 388 1329 in
403 1289 466 1330 sese
479 1268 615 1332 redeunt.
627 1269 792 1334 Polturnus
802 1275 896 1336 etiam
905 1273 1010 1336 decem
1021 1320 1029 1350 ,
1040 1273 1160 1336 decaloa

172 1375 211 1454 gi
224 1371 421 1450 mandatum,
432 1373 516 1456 quod
527 1375 582 1435 sub
593 1374 659 1458 lege
670 1376 826 1458 quondam
838 1421 847 1454 ,
859 1390 891 1438 et
903 1399 984 1440 nunc
995 1378 1052 1440 suh
1061 1382 1159 1460 gratia

176 1490 342 1556 operatur,
358 1490 388 1540 et
401 1498 464 1540 vrrr.
487 1493 640 1558 octavam,
663 1503 730 1563 qun
750 1483 883 1544 necdum
903 1486 1020 1565 egitur,
1042 1496 1160 1546 atatem

173 1582 352 1644 asscribere.
368 1583 429 1644 Sed
441 1583 507 1646 hac
521 1587 578 1646 tria
591 1585 683 1648 modo
694 1588 827 1670 amplius
846 1589 950 1650 decutit
966 1608 1160 1650 commemo-

173 1703 257 1746 rare.
272 1684 351 1768 Ergo
366 1685 539 1768 clangorem
553 1693 645 1750 sancti
659 1691 806 1772 evangelii
821 1691 988 1768 uberum,
1012 1695 1066 1774 qui
1084 1711 1158 1754 aure

175 1787 280 1850 cordis
292 1803 425 1854 sancum
436 1788 618 1853 Trinitatem
627 1795 736 1855 intimo
750 1815 854 1856 amore
868 1794 988 1879 diligit,
1002 1797 1159 1877 gratiaque

175 1894 347 1973 septiformi
354 1895 503 1958 finetenru
513 1899 591 1958 tueri
605 1901 706 1979 cupit,
718 1901 890 1978 caritatem,
903 1901 936 1960 in
946 1919 1008 1980 qua
1018 1901 1161 1960 universa

174 1997 231 2060 lex
241 1998 401 2078 impletur,
417 2000 511 2062 tidem
524 2047 533 2077 ,
545 2005 609 2064 sine
623 2023 684 2084 qua
697 2004 886 2083 impossihile
897 2015 943 2066 est
952 2003 1071 2084 plaeere
1081 2002 1160 2076 Deo,

176 2109 395 2168 mutinentiam
407 2152 416 2182 ,
429 2121 464 2168 ut
476 2107 625 2168 abstineat
638 2129 669 2168 se
683 2110 815 2182 avitiis,
831 2129 895 2188 quo
915 2111 1044 2168 virtutes
1062 2109 1162 2168 conti-

179 2229 257 2270 nere
269 2210 380 2288 vdent,
396 2210 623 2288 humilitatem,
638 2232 700 2292 qua
709 2213 773 2272 sine
783 2213 837 2292 qui
848 2212 975 2272 virtutes
988 2222 1161 2292 congregat,

177 2317 270 2396 quasi
285 2319 316 2376 in
334 2330 425 2378 rento
446 2315 606 2398 pulverem
626 2327 743 2396 portat,
768 2315 882 2376 habere
901 2328 1031 2395 querat:
1057 2314 1162 2376 habita

177 2422 352 2496 caritative,
368 2419 520 2496 fideliter,
536 2421 738 2494 continenter,
754 2432 845 2501 atque
855 2416 1014 2482 humiliter
1024 2439 1162 2482 exercere

177 2537 312 2607 tangat,
322 2540 359 2587 ut
372 2527 411 2587 ad
425 2547 533 2588 eorum
543 2524 700 2588 cumulum
715 2527 874 2606 pervenire
887 2537 988 2607 queat.
1013 2523 1161 2604 Quinario

174 2651 310 2694 numero
320 2635 457 2714 quinque
470 2655 572 2694 sensus
588 2634 768 2714 conjungere
778 2651 955 2712 possumus,
981 2633 1034 2712 qui
1059 2629 1161 2692 fluiter

175 2735 308 2812 ductus,
324 2751 355 2800 et
367 2739 481 2798 unitate
493 2750 646 2817 assumpta
658 2739 692 2797 in
706 2749 825 2798 sextum
838 2735 994 2798 decimum
1008 2738 1111 2817 smgit.
1128 2733 1161 2796 Si

177 2843 267 2904 enirn
289 2841 348 2902 hos
371 2843 506 2922 quinque
525 2863 580 2922 per
606 2841 779 2924 physicam,
802 2839 950 2922 logicam,
980 2853 1011 2900 et
1030 2839 1162 2902 ethicam

179 2949 380 3030 antigamus,
395 2960 430 3008 ut
442 2946 481 3008 ad
495 2949 643 3008 unitatem
657 2948 805 3023 caritatis,
821 2966 888 3028 qnae
901 2944 984 3006 Deus
996 2957 1057 3022 est,
1076 2967 1162 3008 sem-

177 3073 239 3134 per
249 3052 423 3124 redeamus;
440 3051 495 3112 has
504 3051 639 3131 proiecto
652 3054 795 3128 virtutes,
816 3072 883 3132 quae
902 3053 937 3112 in
956 3051 1077 3112 duobus
1096 3071 1161 3112 nu-

177 3159 279 3218 rueris
285 3159 431 3238 insignita
441 3158 582 3220 videntur
590 3203 599 3232 ,
608 3155 802 3229 naturaliter,
814 3155 1051 3232 rationabititer,
1061 3175 1162 3216 mora·

182 3259 315 3340 literque
321 3259 550 3342 possidebimus.
564 3259 706 3322 Senarius
715 3262 801 3338 cujus
811 3272 894 3322 sexu
903 3277 984 3338 pars,
997 3281 1017 3318 1.
1032 3260 1063 3318 in
1074 3260 1163 3318 tertia

185 3363 346 3443 medietas,
362 3389 405 3427 ιιι.
422 3370 495 3448 quia
506 3365 656 3445 perlectus
667 3376 712 3424 est
722 3381 889 3435 uumerus,
904 3364 967 3421 suis
979 3361 1057 3420 bene
1071 3381 1164 3422 ιοιιιι·

183 3481 252 3530 tans
260 3471 417 3550 partibus,
431 3469 577 3552 perfectio
591 3467 691 3548 operis
704 3469 732 3528 ei
749 3465 888 3545 deputari
908 3476 1015 3545 potest.
1036 3463 1091 3524 llis
1104 3466 1166 3546 igi-

179 3586 233 3637 tur
246 3575 303 3638 sibi
313 3575 485 3656 replicatis,
501 3577 633 3636 ternario
647 3571 772 3648 addito,
801 3593 841 3632 xv
861 3572 941 3634 facit.
968 3569 1070 3638 fflmua
1092 3591 1164 3653 ergo

177 3679 306 3762 perfecti
320 3680 465 3761 operibus
478 3680 566 3742 honre
585 3681 732 3754 aetionis,
758 3691 788 3740 et
811 3681 945 3741 nitamur
965 3678 1163 3742 conscendere

177 3807 222 3848 xv
244 3785 474 3867 psalmographi
501 3783 631 3867 gradus,
653 3798 689 3846 ut
702 3797 835 3846 sancum
849 3783 1031 3848 Trinitatem
1045 3788 1077 3846 in
1090 3783 1164 3850 stou

179 3911 304 3952 cernere
316 3895 510 3966 mereamur(
523 3895 535 3950 l
548 3895 576 3966 ),
589 3889 738 3950 ethorum
746 3889 956 3973 proculdubio
964 3907 1164 3952 numerorum

214 4121 271 4189 (Ι)
286 4126 332 4170 Pr.
346 4115 400 4178 84,
414 4115 442 4170 8.
456 4116 584 4169 uidebiarr
595 4115 665 4167 near
676 4131 760 4167 eorum
778 4117 804 4166 ιἰι
816 4113 887 4168 sua
