2906 4970
411 647 413 651 .
467 601 561 648 amn
581 599 731 648 rnn'tws.
1032 592 1089 647 263

108 764 275 858 firmata,
294 767 410 864 coepit
427 763 579 854 florere,
605 787 647 836 ac
666 773 791 864 postea
813 764 929 860 magis
952 762 1089 859 magis-

107 903 210 986 que,
223 889 303 962 Deo
323 889 475 984 gratias,
499 899 576 958 tam
598 883 786 958 affluentia
802 904 952 979 rerum,
973 905 1087 984 quam

106 1011 300 1084 sanctitate
316 1005 587 1082 monachorum
602 1004 776 1082 effloruit.

430 1259 592 1449 (iau
653 1283 799 1392 xlvj

106 1595 230 1637 mm!
238 1595 398 1638 Gonnum!
405 1593 488 1635 DUCI!
496 1593 535 1634 ΙΤ
545 1593 747 1636 ΕΡΙΒΟΟΜΒῙΙΜ
755 1593 957 1641 COLONIBNSH.
967 1595 1088 1640 Tuane-

130 1653 249 1721 TRNffl,
263 1673 491 1728 ΕῌΜΜΜΙΒ,
505 1673 545 1714 ΙΙ
561 1673 647 1714 IUSSU
660 1675 720 1713 ΙΜΡ.
736 1673 855 1714 cotem
878 1674 1088 1715 rnnonntcuu

131 1753 265 1792 monn
279 1753 438 1794 GANDEMIS
450 1751 561 1792 mml·
574 1751 793 1794 ΜΤΕΑΙΙΙΝΒΙΙ
807 1753 914 1794 »sulco
928 1753 1010 1794 ΙΕῘΠ
1019 1750 1088 1794 '1⁸ss-

132 1831 196 1871 ml
216 1831 363 1876 rootunr.
388 1829 572 1870 GODEFMBUS
592 1831 739 1882 centron,
755 1831 918 1872 nannieno
942 1833 972 1872 m
997 1831 1088 1872 mna

131 1909 332 1950 ΙΙΙΒΠΑΙΒΔ
351 1909 498 1954 nonnus,
523 1909 636 1949 nomn
657 1910 697 1949 An
716 1910 919 1950 enmono!
940 1909 1087 1950 utrom-

109 2039 112 2042 .
135 1987 201 2036 ma.
215 1988 335 2029 vocuo
350 1988 389 2029 AB
402 1989 463 2030 nun
480 1987 684 2030 unumunurn
701 1988 840 2030 Gmffl
858 1989 1005 2030 EPISCOPO.

110 2183 230 2300 ΕΜ
246 2228 356 2298 etiam
368 2225 472 2302 locus
486 2222 640 2323 quidam
654 2224 753 2298 silvis
766 2249 809 2298 ac
824 2223 1024 2324 paludibus
1037 2230 1088 2302 in·

109 2343 319 2422 habitabilis
334 2401 344 2441 ,
364 2350 429 2447 qui
447 2346 494 2422 ab
509 2345 639 2420 incolis
654 2331 860 2422 Mereweda
873 2375 1010 2424 nomen
1022 2377 1086 2426 ao-

108 2472 219 2568 cepit,
229 2471 297 2544 ubi
311 2470 481 2546 videlicet
493 2472 594 2544 Mosa
607 2473 729 2544 ctWal
743 2472 879 2547 fluvius
894 2473 940 2548 de
954 2473 1085 2549 Rheno

108 2590 257 2668 effluens
273 2596 410 2692 pariter
424 2595 669 2668 corrivantur.
686 2594 892 2694 Nullusque
905 2594 971 2690 ibi,
991 2624 1085 2696 prae·

109 2727 160 2786 ter
173 2729 367 2790 venatores
379 2741 422 2791 ac
436 2719 650 2816 piscatores,
675 2715 842 2792 habitare
864 2731 972 2793 antea
992 2746 1085 2795 con-

107 2851 287 2928 sueverat,
296 2851 446 2937 eratque
461 2841 718 2938 episcoporum
732 2841 954 2914 Trevirensis
974 2841 1084 2917 vide-

108 2955 253 3042 licetac=
270 2959 515 3051 Coloniensis,
537 2959 601 3034 sed
624 2973 661 3034 et
679 2959 822 3060 aliquot
845 2961 1022 3038 abbatum
1045 2969 1085 3040 in

109 3081 308 3178 piscatione
345 3097 381 3155 et
414 3087 607 3158 venatione
639 3065 846 3160 communis
895 3094 1082 3186 possessio.

109 3202 187 3278 Huc
217 3207 399 3280 nimirum
426 3205 700 3299 Theodericus,
718 3208 865 3282 Amulfi
880 3211 1084 3286 Gandeusis

109 3319 233 3420 filius,
267 3330 333 3426 qui
363 3329 599 3427 participium
631 3328 856 3402 monarchiae
886 3334 1084 3407 Frisonum

110 3449 255 3522 tenebat
268 3451 283 3548 (
290 3453 378 3549 quia
394 3452 582 3543 Frisoncs,
607 3475 677 3549 pro
699 3463 818 3524 morte
839 3455 951 3551 patris
973 3481 1085 3555 quem

109 3567 383 3666 interfecerant,
399 3585 583 3673 suspectos
598 3571 771 3673 habebat)
785 3591 993 3671 secesserat,
1005 3579 1086 3654 fac-

108 3703 217 3792 toque
231 3695 397 3796 quodam
411 3699 629 3796 municipio,
645 3697 784 3771 alienus
794 3701 954 3795 invasor,
966 3704 1085 3804 ipsam

107 3827 242 3892 terram
258 3827 540 3920 presumpserat
555 3819 758 3920 possidere,
779 3822 843 3897 sed
862 3839 899 3899 et
918 3830 1085 3924 negotia-

109 3949 201 4014 tores
210 3942 307 4016 inibi
318 3945 544 4041 navigantes,
553 3945 764 4041 gravissimo
780 3973 892 4020 censu
906 3947 1083 4019 constrin-

109 4084 204 4157 gere.
220 4063 329 4141 Unde
342 4069 544 4167 imperator
553 4067 733 4144 Henricus
746 4069 905 4144 clamore
912 4069 1085 4143 excitatus
