2906 4970
1052 525 1331 542 ————-—-.

355 530 417 618 Ι986
656 569 777 615 onnon.
796 568 875 616 carr.
893 571 936 616 rr
955 570 1034 616 arn.

356 755 448 818 gnos,
465 753 528 794 esse
545 730 660 808 voluit,
675 753 715 793 ne
729 751 867 813 unquam
879 751 932 796 vos
942 731 1016 795 huic
1028 732 1259 812 adinventioni,
1274 757 1343 818 qne

355 837 482 922 quidem
496 849 600 898 contra
613 834 744 917 Spiritus
756 835 857 899 Sancti
878 836 1122 915 ordinationem,
1136 853 1167 901 et
1180 842 1280 902 totius
1299 854 1342 902 est

355 943 486 1005 ecclesias
513 940 669 1004 catholice
698 945 938 1021 institutionem,
964 963 1144 1006 consensum
1164 941 1338 1026 prebeatis»

354 1049 446 1127 Quod
467 1061 571 1110 autem
586 1068 684 1130 nuper
696 1069 752 1110 nos
766 1031 928 1112 convenire
940 1047 1021 1111 velie
1032 1069 1088 1112 ros
1101 1046 1141 1110 ad
1154 1047 1342 1131 colloquen-

354 1155 431 1216 dum
442 1153 624 1229 mandastis,
649 1151 727 1214 illud
748 1167 852 1216 restra
873 1149 1022 1218 voluntati
1043 1155 1288 1229 reservavimus,
1312 1167 1340 1215 et

355 1262 504 1324 maturius
517 1257 670 1342 agendum
690 1279 862 1337 censemus,
878 1263 951 1342 qnia
963 1258 1034 1321 inde
1047 1271 1131 1320 tanta
1150 1273 1262 1320 sancus
1284 1257 1338 1319 ns

356 1362 489 1425 ecclesie
501 1363 677 1424 discrimina
691 1366 848 1440 oriuntur,
862 1363 944 1426 uude
957 1361 1157 1446 negligentius
1171 1366 1240 1443 abrs
1253 1383 1339 1426 oom-

355 1468 456 1532 modis
465 1467 498 1531 in
508 1487 671 1530 commune
681 1468 876 1530 consulimus.

651 1652 809 1836 tion.
864 1709 1038 1785 xxvr.

442 1951 480 1990 DE
490 1949 590 1991 ΙΟΒΒΙ
602 1949 642 1988 ΑΙ)
655 1949 815 1990 ΒΙΙΟΙΜΙ
833 1947 997 1989 reiecerunt
1006 1948 1248 1990 SUEUONBNSEH.

354 2129 422 2237 B.
443 2168 589 2234 nomine-
605 2172 638 2230 et
663 2166 782 2232 merito
809 2167 961 2256 episcop
990 2161 1036 2230 G.
1058 2161 1199 2232 nullius
1219 2165 1337 2232 messii

351 2293 584 2383 coepiscopus,
601 2288 765 2381 quicquid
780 2285 825 2356 ab
842 2286 935 2356 beate
958 2285 1137 2356 avendum
1152 2295 1334 2378 praesm-

351 2416 438 2482 tius.

402 2531 555 2609 Quoniam
570 2529 727 2610 quandam
739 2529 913 2590 execranda
926 2527 1152 2591 consuetudinis
1165 2531 1333 2590 novitatem
1445 2543 1446 2550 ’

351 2635 431 2698 inira
445 2647 576 2696 sanctam
591 2632 748 2695 ecclesiam
760 2633 925 2695 coalescere
939 2631 1123 2710 audivimus,
1132 2631 1281 2696 videlicet
1300 2645 1332 2693 ut

352 2759 414 2802 nnn
420 2739 545 2802 ecclesia
551 2737 629 2800 duos
635 2737 745 2800 habent
753 2740 921 2818 episcopos,
931 2749 1047 2799 etunus
1053 2737 1184 2800 alterum
1192 2737 1234 2798 ad
1245 2739 1332 2798 insti-

352 2844 501 2906 tuendum
511 2838 569 2903 sibi
581 2861 783 2903 successorem
796 2842 929 2902 liberum
944 2841 1055 2902 habeat
1064 2841 1240 2916 arbitrium,
1248 2840 1332 2923 quod

353 2967 424 3010 sane
431 2941 738 3008 nuliiusauetoritatis
748 2959 865 3006 constat
873 2945 993 3026 pondus
1013 2945 1172 3016 hsbuisse;
1188 2943 1332 3006 videmur

351 3057 415 3134 jam
425 3053 536 3112 intueri
548 3049 704 3131 quoddam
719 3049 876 3110 baratrum
888 3057 1009 3130 patens,
1025 3049 1065 3110 de
1085 3069 1147 3129 quo
1164 3047 1272 3110 furnus
1289 3059 1332 3110 te·

353 3158 491 3218 merarius
505 3157 709 3236 usurpationis
719 3173 882 3235 erumpens
895 3153 1049 3235 portendit
1062 3151 1220 3234 quoddam
1233 3153 1331 3214 scbis-
1443 3235 1444 3248 χ

352 3265 442 3324 matis
459 3260 634 3322 incendium
653 3259 810 3336 futurum,
829 3279 885 3340 per
900 3258 1000 3340 quod,
1023 3255 1224 3320 subeuntibus
1239 3256 1330 3319 dissi·

351 3367 421 3442 diis,
429 3365 644 3428 ecclesiaasue
655 3368 738 3446 pacis
747 3367 863 3426 uniure
874 3363 1019 3426 solvetun
1036 3361 1166 3437 Verum,
1181 3365 1327 3446 qnoniam

351 3475 375 3532 si
395 3475 427 3533 in
447 3471 526 3534 hanc
547 3491 612 3531 rem
626 3491 780 3532 assensum
794 3469 895 3531 adhuc
916 3469 1086 3550 praebuistis
1106 3466 1248 3530 nondum
1271 3489 1328 3529 an·

350 3575 433 3637 ditur
446 3597 465 3636 a
476 3575 579 3650 nobis,
591 3575 810 3636 fraternitatem
828 3587 959 3638 vestram
975 3593 1215 3655 praemonemus,
1224 3573 1328 3634 obtes-

350 3693 447 3742 tantes
460 3701 514 3760 per
529 3699 600 3740 eum
615 3681 669 3760 qui
686 3701 740 3741 nos
755 3681 886 3743 ecciesiae
903 3701 963 3742 snse
974 3681 1127 3742 ministros
1143 3691 1175 3739 et
1191 3691 1326 3759 pastores
1441 3709 1442 3716 κ

350 3801 414 3848 esse
424 3783 538 3860 voluit,
551 3799 586 3845 ut
603 3788 627 3846 si
643 3784 702 3846 hoc
717 3799 817 3848 vestro
837 3799 952 3847 constat
969 3805 1033 3847 esse
1048 3781 1196 3858 concilio,
1214 3783 1325 3846 divine

350 3891 531 3954 ordinationi
543 3889 713 3953 cedendum
724 3894 826 3973 potius
836 3893 1005 3968 astimetis,
1025 3909 1117 3970 quam
1132 3889 1258 3970 proprio
1276 3907 1326 3949 ar·

349 3997 442 4059 bitrio
457 3996 653 4080 impendatis;
672 4017 711 4058 ne
727 4010 791 4058 tam
808 4017 862 4060 vos
881 3995 1009 4058 carnalis
1024 4013 1110 4056 amor
1125 3995 1158 4054 in
1169 3995 1325 4055 sinistrum

350 4105 463 4184 rapiat,
488 4123 582 4185 quam
593 4101 756 4186 spiritualis
772 4103 874 4166 servor
897 4105 931 4166 in
952 4102 1053 4166 salian
1071 4097 1325 4162 recruduisse
