3044 4968
420 537 780 551 —u—n——nn——a—-c
1153 539 1218 550 -ιι-
1225 539 1395 554 ...αισι-..-

415 583 471 638 130
711 589 832 636 01111οΝ.
852 590 932 636 (ml.
951 592 993 636 ΕΤ
1012 590 1089 636 ΛΤΒ.

412 777 524 850 quem
536 743 765 851 poenitentiae
777 749 932 824 modum
944 775 1020 823 non
1034 753 1217 850 quaesivit,
1234 749 1396 850 dignum

410 901 496 949 sanc
510 873 774 973 compendium
788 875 961 974 supplicii
976 898 1051 947 non
1066 873 1180 971 longo
1194 888 1279 972 post
1297 889 1397 948 tem-

409 1024 500 1100 pore
527 997 647 1070 solvit.
680 997 875 1069 Coloniam
906 1023 1069 1096 namque
1097 995 1285 1096 profectus
1306 1023 1394 1072 oum

408 1121 570 1224 quadam
594 1133 702 1194 nocte
726 1124 765 1193 in
786 1122 924 1212 lectulo
943 1135 1134 1222 pausaret,
1160 1124 1338 1221 apparuit
1358 1130 1392 1198 ei

407 1245 664 1343 semivigilanti
680 1247 719 1314 B.
746 1247 998 1344 Gangericus:
1025 1247 1165 1345 quippe
1187 1247 1286 1318 visus
1302 1273 1390 1320 eum

407 1394 477 1470 pro
496 1367 660 1442 admissis
680 1369 892 1467 increpare,
915 1367 1126 1467 baculoque
1143 1393 1256 1467 quem
1271 1394 1389 1444 manu
1491 1439 1492 1452 ἢ

406 1491 590 1594 gestabat,
609 1489 848 1590 postmodum
861 1493 1021 1590 graviter
1035 1491 1194 1591 pulsare.
1205 1493 1293 1584 Qui,
1305 1517 1389 1566 mor

406 1615 692 1715 expergefactus,
708 1639 793 1688 oum
811 1618 913 1712 gravi
930 1615 1084 1716 planctu
1100 1617 1306 1713 ingemuit,
1321 1641 1386 1692 ro-

404 1741 567 1838 catisque
586 1737 848 1830 cubiculariis,
871 1733 1051 1812 visionem
1073 1740 1113 1810 in
1133 1736 1266 1812 ordine
1291 1765 1385 1840 pan-

404 1863 514 1956 dens,
530 1887 654 1937 casum
668 1865 724 1935 sui
745 1861 900 1961 periculi
920 1859 1114 1936 indicarit.
1130 1865 1184 1934 Ex
1205 1889 1279 1962 qua
1299 1891 1385 1965 per-

403 1988 568 2062 cussione
581 1983 802 2085 aliquandiu
815 1983 1006 2060 elaborans
1022 1987 1140 2084 (certa
1154 2011 1211 2058 res
1225 1987 1293 2084 est)
1308 2012 1381 2060 nou

403 2111 523 2184 multo
537 2123 620 2211 post
632 2111 793 2200 interiit,
808 2109 847 2180 in
862 2108 1011 2182 basilica
1024 2107 1177 2208 quidem
1190 2113 1225 2204 S.
1243 2111 1380 2184 Gereo-

402 2237 460 2308 nis
471 2234 650 2334 sepultus.
669 2231 860 2331 Capeliani
875 2257 983 2323 vero,
1001 2230 1113 2332 hujus
1131 2230 1303 2306 videlicet
1321 2259 1382 2307 ec-

401 2358 518 2432 clesiae
547 2357 690 2448 clerici,
724 2357 844 2430 nescio
873 2355 1009 2455 quibus
1043 2355 1381 2428 insimulationibus

400 2495 537 2554 temere
563 2480 740 2576 suspecti,
770 2477 905 2552 relictis
932 2475 1086 2578 quidem
1106 2475 1379 2578 pontificalibus

401 2603 647 2694 ornamentis,
666 2599 905 2699 aufugerunt.

655 2833 815 3015 παρ,
872 2879 1131 2958 nxxxrv.

685 3118 860 3162 artmannus
875 3116 1092 3160 emrtrutrun.

396 3295 508 3410 Pos‘r
534 3329 646 3433 hujus
668 3355 872 3422 excessum,
897 3332 1136 3428 Engrannus‚
1166 3345 1252 3404 ante
1280 3335 1371 3408 Cor-

392 3457 527 3532 biensis
541 3455 702 3528 coenobii
717 3457 751 3526 S.
770 3455 868 3526 Petri
883 3452 1105 3548 monachus,
1121 3454 1277 3528 obtentu
1290 3459 1369 3528 Bru

393 3580 500 3654 nonis
527 3576 670 3676 praelati
699 3574 937 3676 archipatris,
956 3601 1042 3650 cum
1071 3602 1147 3676 quo
1168 3603 1239 3677 pro
1262 3577 1367 3654 rebus

390 3703 568 3794 fratrum,
585 3725 675 3801 quas
691 3714 789 3772 trans
804 3697 975 3774 Rhenum
1001 3700 1244 3800 procurabat,
1270 3703 1365 3776 noti·

390 3827 479 3900 uam
505 3837 543 3896 ot
569 3821 856 3896 familiaritatem
879 3818 1065 3910 habebat,
1089 3819 1137 3896 ad
1163 3821 1363 3924 episcopale

388 3949 523 4026 solium
539 3959 794 4049 promovetur.
810 3945 881 4018 Hic
894 3958 970 4018 tam
988 3944 1234 4020 ecclesiasticis
1254 3969 1362 4048 quam

388 4069 623 4148 sacularibus
649 4065 852 4167 disciplinis
880 4067 1104 4147 sufficienter
1133 4069 1360 4158 instructus,
