2906 4970
1165 514 1357 532 m

401 552 456 606 554
607 601 609 608 ,
765 557 838 608 ΑΡΡ.
869 559 1001 608 Atreus
1087 607 1090 614 ,

398 728 511 801 modo
526 749 609 826 quae
627 728 665 798 in
689 723 820 798 diebus
833 749 963 798 eorum
980 740 1086 800 erant
1101 729 1237 804 saecula
1253 757 1355 808 reme·

397 854 637 924 moravitnus.
664 853 707 922 In
729 875 805 948 quo
823 875 934 950 opere
960 849 1094 950 dignus
1124 850 1220 926 milri
1249 852 1355 928 videor

396 975 679 1074 redargutione,
709 976 775 1071 qui
801 987 990 1047 tantorum
1025 977 1193 1050 virorum
1223 980 1311 1052 vitas
1328 993 1354 1052 ct

396 1077 516 1189 actus,
543 1095 806 1195 qualicumque
826 1100 981 1196 scripto,
1003 1103 1222 1199 praesumpsi
1251 1125 1352 1172 auno-

395 1237 485 1294 tare.
505 1223 655 1290 Constat
669 1221 768 1289 enim
783 1223 961 1317 quoniam
983 1224 1048 1320 qui
1072 1221 1159 1294 talia
1178 1225 1271 1320 agit,
1293 1247 1352 1294 non

395 1345 512 1416 solum
537 1341 732 1440 imperitiae
756 1367 832 1414 suae
856 1356 893 1415 et
916 1346 1216 1444 praesumptionis
1239 1347 1351 1417 vitium

397 1480 574 1557 ostentat,
601 1461 665 1538 sed
687 1478 866 1536 eteorum
884 1463 930 1538 de
948 1466 1084 1566 quibus
1097 1465 1203 1567 loqui
1220 1471 1349 1556 nititur,

392 1591 513 1666 verbis
527 1589 661 1688 ineptis
674 1585 801 1660 laudes
818 1586 1002 1662 obscurat.
1013 1591 1045 1660 N
1047 1617 1106 1662 am
1124 1616 1250 1690 proco
1266 1587 1349 1690 quod

392 1717 566 1787 virtutem
587 1727 622 1784 et
642 1727 741 1809 gesta
762 1709 915 1786 Achillis
934 1729 1058 1786 orator
1079 1712 1268 1816 descripsit
1286 1717 1349 1786 Ho-

391 1859 534 1926 merus,
551 1835 700 1908 veniens
720 1831 769 1906 ad
791 1835 979 1910 tumulum
1006 1841 1103 1936 ejus,
1133 1837 1274 1912 felicem
1300 1837 1349 1910 uti
1424 1875 1425 1942 ᾗ

332 1957 340 1968 ’
390 1981 559 2061 praecone
573 1983 658 2031 eum
673 1957 1083 2057 nppellavitAlexander
1096 1963 1349 2060 stagnatum
1424 2007 1425 2018 ³

390 2083 604 2158 cedentibus
630 2081 777 2154 duobus
804 2079 955 2174 libellis,
979 2079 1025 2155 de
1053 2084 1171 2158 tribus
1195 2086 1349 2186 episcopis

390 2233 508 2308 pauca
524 2205 671 2306 loquuti
686 2231 832 2300 sumus;
858 2233 960 2280 nunc
979 2211 1017 2280 iu
1039 2211 1147 2281 tertio
1167 2211 1303 2310 quarti,
1318 2204 1347 2277 id

390 2345 462 2424 est,
476 2331 524 2404 D.
542 2325 698 2400 Gerardi
712 2328 879 2424 secundi,
897 2333 1038 2403 mentio
1052 2330 1196 2430 agenda
1210 2347 1272 2406 est.
1287 2321 1357 2404 sub'

392 2479 467 2552 quo
481 2455 559 2551 jani
577 2452 622 2525 ad
642 2469 832 2551 argentea,
849 2468 904 2548 et,
932 2471 1014 2555 post
1034 2459 1112 2556 ejus
1135 2457 1294 2544 obitum,
1310 2449 1345 2526 ad

378 2575 507 2648 ¹ferrea
523 2579 658 2658 soecula
680 2603 746 2649 uos
767 2577 959 2652 devolutos
980 2605 1053 2654 esse
1075 2583 1234 2680 graviter
1252 2577 1345 2652 seuti-

389 2683 485 2773 ulus.
500 2703 617 2800 igitur
633 2699 889 2800 exequendum
904 2717 956 2776 est
973 2707 1193 2802 promissum
1209 2713 1345 2804 opus,et

391 2821 439 2896 ad
454 2849 496 2896 ea
513 2849 597 2922 quae
615 2839 739 2897 nostra
753 2839 859 2898 aetate
873 2827 1008 2926 partim
1023 2825 1185 2900 vidimus
1199 2841 1235 2900 et
1253 2819 1343 2898 audi-

390 2949 512 3020 vimus
526 2944 719 3045 dirigenda
736 2963 788 3022 est
803 2953 933 3022 oratio.

616 3165 1023 3352 capitulum.
1095 3218 1129 3296 1·

390 3471 428 3517 ΏΙ
442 3471 621 3516 ῠ.ῧΒΒᾸΙὶῠθ
638 3473 777 3516 ertscoro
794 3475 932 3518 UUGUNM.
957 3479 995 3518 ΒΕ
1016 3477 1200 3522 sturmen}
1208 3473 1338 3521 (unna

633 3555 671 3594 ΒΕ
693 3555 814 3605 Quom
831 3557 1123 3600 numantinum.

391 3760 602 3872 ”reomao
615 3798 802 3872 Lietborto
818 3799 1012 3902 episcopo,
1033 3817 1069 3876 ot
1090 3806 1127 3878 in
1150 3805 1288 3879 ecclesia
1309 3799 1334 3870 S.

391 3919 583 4019 Sepulchri
598 3943 710 4020 quant
728 3925 805 4022 ipse
819 3947 841 3997 a
855 3923 976 3998 fundo
989 3927 1248 4018 aedificaverat,
1270 3943 1335 3998 cum

372 4045 548 4117 ‚maximo
584 4043 673 4118 cleri
699 4045 890 4147 plebisque
915 4052 1197 4146 lamentatione,
1224 4049 1336 4124 decen·
