3044 4968
544 549 638 594 tisun
657 547 786 594 emulis,

423 797 595 976 dap.
640 844 911 924 nxxxnr.

318 1113 401 1166 QUOD
414 1109 510 1154 ΜΕΝ
518 1111 539 1150 Δ
548 1111 569 1151 8·
584 1109 754 1152 GAUGRUCO
765 1105 926 1150 'notium
940 1106 1029 1148 ΩΒΠΤ.

174 1307 285 1418 Nnc
306 1338 420 1438 hujus
440 1336 621 1438 pontificis
644 1337 783 1412 factum
808 1335 937 1409 desino
959 1333 1163 1431 demirari,

175 1465 253 1562 qui
270 1461 450 1560 templum
466 1459 663 1534 beatissimi
687 1457 900 1532 confessoris
924 1457 1062 1532 violare
1089 1483 1167 1532 non

177 1584 325 1675 timuit,
338 1607 450 1680 quem
459 1580 1168 1674 Walterus‚castellanus,tiroinhuma-

180 1708 375 1796 nissimus,
408 1706 448 1774 in
477 1705 587 1776 simili
614 1707 762 1802 negotio
782 1705 915 1776 nostris
939 1702 1069 1778 diebus
1090 1733 1168 1780 non

180 1829 345 1903 revereri
360 1818 526 1898 nescivit.
544 1824 713 1919 Quadam
728 1851 891 1928 namque
915 1825 976 1898 die
996 1827 1170 1903 alicunde

181 1977 275 2027 cum
291 1952 365 2024 suis
379 1953 550 2043 veniens,
570 1949 664 2022 duos
684 1951 833 2039 frames,
857 1949 1041 2024 Aldonem
1064 1953 1172 2025 vide-

183 2076 277 2148 licet
290 2089 325 2147 et
337 2072 585 2164 Balduinum,
602 2071 672 2143 sibi
687 2074 976 2164 inimicissimos,
993 2074 1087 2143 forte
1101 2075 1172 2146 ob-

186 2199 275 2272 vios
289 2195 436 2288 habuit,
454 2218 615 2293 moxque
627 2192 771 2266 caballo
785 2195 846 2264 cui
863 2191 1046 2266 insidebat
1060 2183 1175 2270 calca-

185 2320 296 2394 ribus
314 2319 427 2412 fosso,
452 2343 513 2390 eos
533 2316 722 2410 involans,
743 2314 921 2416 hastaque
943 2315 1059 2390 dorsis
1079 2345 1174 2420 pene

185 2445 366 2541 contigua
394 2445 550 2541 jamjam
582 2441 799 2533 imminens,
826 2443 980 2540 jamjam
1016 2458 1174 2518 mortem

188 2569 390 2660 minitans,
427 2565 592 2665 adusque
625 2563 788 2638 radicem
821 2569 957 2638 montis
993 2567 1175 2667 fugientes

190 2693 459 2792 persequitur,
488 2688 663 2762 distantes
687 2713 773 2762 sane
800 2713 822 2758 a
849 2693 1071 2764 monasterio
1101 2692 1175 2765 fere

190 2840 332 2888 novem
346 2813 523 2914 passibus.
541 2813 681 2888 Videns
693 2826 818 2886 autem
832 2837 892 2886 eos
911 2812 1047 2912 effugio
1067 2841 1177 2890 sano-

191 2937 326 3010 tissimi
342 2937 470 3036 templi
487 2938 799 3036 propinquantes,
825 2952 1069 3038 sanctumque
1083 2965 1176 3014 cou-

188 3059 368 3133 fessorem
382 3061 517 3134 auxilio
531 3063 777 3159 geminantes,
797 3066 901 3161 sequi
920 3061 1075 3136 ulterius
1097 3063 1177 3136 for·-

193 3179 373 3274 midavit,
397 3182 621 3284 tandemque
641 3209 889 3290 prorumpens
911 3186 951 3256 in
971 3183 1042 3257 hac
1066 3211 1175 3279 voce,

197 3305 275 3376 ait:
294 3305 421 3378 Scitote
434 3331 499 3379 vos
514 3304 627 3376 bodie
641 3305 736 3376 mihi
759 3318 903 3402 ereptos
922 3307 964 3374 B.
982 3307 1179 3404 Gangerici

191 3423 383 3526 suffragio.
400 3431 436 3501 Si
454 3427 739 3527 argovirmultae
748 3429 1006 3523 immanitatis,
1017 3426 1065 3501 ob
1073 3455 1180 3503 amo-

191 3577 277 3626 rem
293 3553 363 3625 Dei
377 3565 414 3625 et
428 3554 700 3626 venerationem
715 3553 771 3626 sui
787 3551 1000 3626 confessoris
1021 3556 1179 3630 inimicis

190 3701 377 3778 parcens,
410 3673 547 3748 habere
577 3676 809 3748 tolerantiam
847 3673 1001 3771 didicit,
1039 3693 1180 3778 quanto

189 3790 311 3899 magis
326 3799 512 3899 pontilex,
534 3799 593 3871 vel
616 3799 926 3899 contemplatione
947 3781 1180 3873 sacerdotalis

190 3924 307 3998 officii
322 3948 401 4023 quo
414 3920 657 4021 fungebatur,
676 3921 869 3996 debuerit?
891 3930 1064 3996 Attamen
1093 3925 1182 4023 quia

191 4060 299 4124 tauto
319 4041 448 4122 sceleri
462 4043 640 4146 effugium
654 4047 718 4120 aut
731 4045 930 4142 latebram,
945 4045 1004 4122 vel
1023 4071 1090 4146 per
1111 4047 1182 4118 ali-

987 4193 1010 4264 9
