2902 4972
120 535 1082 560 mmmm-ul·—

442 595 485 640 ar
507 593 626 641 onnon.
650 593 743 640 utto.
1025 587 1083 660 ,5⁶⁰

687 689 1080 712 —.,....-.-.............

110 782 210 830 suam
232 760 310 830 vini
333 771 369 830 et
394 757 626 855 reliquarum
652 779 815 828 escarum
841 755 1026 855 languidis
1046 771 1084 832 et

110 879 261 956 infirmis
278 881 494 980 exportabat
506 853 674 972 {certum
685 881 763 976 ejus
777 878 1081 974 lectum,autvix,

110 1016 174 1086 aut
199 1003 411 1076 nullatenus
439 1005 638 1100 quisquam
664 1025 814 1073 noscere
840 1001 983 1100 quibat.
1010 1003 1082 1075 Sed

108 1138 193 1198 ante
220 1125 368 1216 altaria,
405 1123 621 1222 ubicunque
654 1148 805 1196 somnus
829 1123 888 1196 vel
909 1123 1085 1198 lassitudo

109 1249 273 1346 corporis
300 1249 488 1344 coegisset,
514 1259 718 1346 prostratus
740 1245 846 1319 humi
862 1248 1083 1346 quiescebat.

109 1370 184 1442 Ubi
199 1374 309 1442 etiam
324 1373 384 1442 SS.
404 1370 584 1469 apostolos
597 1372 747 1441 Petrum
763 1383 800 1440 et
814 1367 1004 1446 Andream
1015 1371 1086 1444 sibi

111 1494 340 1590 apparuisse,
366 1507 405 1564 et
427 1491 599 1590 quaedam
619 1491 691 1564 sibi
715 1490 843 1584 dixisse
874 1490 920 1564 de
950 1493 1086 1592 quibus

111 1639 188 1688 non
216 1629 268 1688 est
296 1613 517 1707 dicendum,
549 1639 616 1715 per
641 1613 786 1712 singula
805 1617 874 1687 uni
900 1642 943 1688 ex
964 1615 1090 1692 fratri÷

111 1735 181 1810 bus
195 1739 332 1810 nostris
359 1731 541 1812 confessus
573 1751 646 1827 est,
671 1737 721 1808 l).
750 1738 888 1813 scilicet
910 1738 1083 1834 Dodoni,

112 1863 362 1959 compatriotae
378 1875 415 1933 et
427 1859 709 1936 familiarissimo
725 1859 815 1952 sibi,
832 1887 945 1960 quern
961 1877 1089 1961 postea

113 1981 282 2056 abbatem
299 1999 335 2056 et
350 1982 588 2058 construendi
602 1985 722 2081 operis
739 1980 851 2080 hujus
867 1985 1090 2085 templipro-

112 2119 318 2180 curatorem
345 2105 559 2178 habuimus.
589 2102 688 2196 Quid
709 2103 865 2178 referam
890 2105 1087 2205 praefatum

111 2227 303 2304 ailbertum
320 2233 453 2330 saepius
469 2226 657 2302 fasciculos
671 2227 878 2326 lignorum,
896 2245 1023 2324 noctu,
1040 2224 1093 2304 οὲ-

112 2354 169 2426 tiis
189 2379 398 2452 pauperum
420 2355 649 2453 apposuisse,
671 2367 708 2426 et
730 2354 770 2424 in
791 2353 850 2424 via
872 2352 981 2453 lupos
1001 2379 1087 2428 eum

112 2476 300 2550 multoties
314 2479 505 2550 comitatos
518 2477 640 2550 fuisse.
652 2474 868 2550 Audivimus
883 2481 1088 2552 eumetiam

112 2597 218 2672 fuisse
247 2599 469 2692 confessum,
498 2603 586 2700 quia
606 2599 699 2674 dum
722 2598 884 2699 quadam
906 2617 1013 2678 nocte
1040 2601 1087 2678 de

111 2721 447 2796 trudonis-Curia
459 2719 660 2824 quemdam
673 2722 771 2796 solus
786 2726 824 2794 in
839 2722 1088 2799 humeriscru·

112 2844 262 2920 cifixum
279 2845 573 2938 afferret,omnes
590 2845 738 2918 arbores
750 2871 852 2919 secus
877 2849 976 2920 viam
996 2871 1032 2922 se
1056 2853 1089 2922 ei

112 2969 317 3061 inclinasse,
327 2971 504 3042 nimirum
513 2970 814 3070 quiaeongruum
828 2986 906 3041 erat
919 2975 1090 3046 creatoris

113 3095 266 3194 imagini
281 3107 486 3166 ereaturam
503 3094 699 3192 prosterni.
713 3089 783 3162 Sed
799 3117 845 3162 ne
869 3093 953 3190 plus
976 3095 1090 3178 verba

118 3216 355 3316 protraham,
386 3215 538 3288 tandem
570 3217 766 3313 impetrata
789 3237 810 3283 a
833 3213 881 3282 D.
920 3217 1090 3326 episcopo

113 3340 322 3414 Gerardoet
336 3367 358 3413 a
373 3337 537 3438 capitolo
550 3349 675 3408 nostro
690 3335 858 3424 licentia,
882 3336 1093 3435 Hierosoly-

112 3489 236 3557 mam,
264 3466 327 3564 pia
347 3463 552 3535 intentione
566 3472 605 3530 et
618 3457 803 3530 Dominici
820 3455 1007 3554 sepulchri
1022 3457 1092 3534 de-

114 3585 267 3678 siderio‘,
291 3611 377 3658 cum
399 3609 474 3656 uno
497 3595 641 3654 tantum
673 3580 771 3654 socio
784 3577 957 3652 intendit.
977 3581 1092 3659 Nobis

113 3723 239 3784 tamen
254 3709 484 3804 incognitum
504 3704 596 3807 quid
624 3701 670 3774 dc
696 3729 739 3775 eo
758 3699 943 3776 acciderit.

160 3836 211 3908 D.
248 3837 439 3935 episcopus
472 3829 684 3918 Gerardus,
711 3841 816 3899 'anno
856 3825 1094 3925 pontificatus

114 3960 170 4032 sui
200 3971 301 4053 xv1⁰,
336 3960 376 4032 in
411 3955 480 4028 hac
515 3953 603 4028 villa
633 3949 764 4024 morbo
791 3962 1009 4049 correptus,
1051 3949 1092 4021 in

115 4079 231 4156 domo
256 4105 346 4177 sua,
374 4079 654 4182 superveniente
679 4075 879 4150 vocationis
909 4095 987 4145 suae
1017 4069 1097 4144 ho·-

875 4197 923 4286 24
