3044 4968
554 537 793 588 inseruimus.
1112 527 1168 586 ist

186 714 373 792 drensium
389 721 524 792 comite
537 731 700 810 mortuo,
713 743 798 790 mox
817 721 959 791 irruens
971 713 1169 789 Lotharius

184 839 1167 940 rex,possessionesillius,abbatiesvidelicetS.Aman-

187 961 248 1057 di,
273 965 466 1062 sanctique
496 959 644 1034 Vedasti
668 987 755 1035 curn
775 962 942 1054 castello,
956 963 1166 1036 Duuaicum

187 1109 360 1184 quoque,
390 1082 514 1158 sedet
539 1087 665 1156 omnia
691 1110 809 1184 usque
841 1084 889 1158 ad
915 1084 1073 1157 fluvium
1090 1087 1164 1178 Lis,

187 1209 396 1280 cumomni
413 1207 652 1306 occupatione
668 1207 813 1279 invasit.
830 1205 940 1299 Quod
961 1218 1058 1278 certe
1085 1231 1168 1279 ma·
1201 1285 1204 1292 Δ

188 1331 333 1404 ximum
347 1342 487 1402 metum
500 1330 650 1401 incussit
664 1330 855 1428 episcopo,
874 1330 1084 1429 conJ'icienti
1106 1332 1165 1402 vi-

191 1449 327 1526 delicet
359 1451 465 1524 illum
495 1475 619 1550 regem
646 1477 731 1524 mox
757 1451 906 1525 sortasse
928 1476 1032 1524 suam
1054 1455 1165 1526 etiam

188 1573 344 1667 urbem,
361 1573 464 1674 quod
474 1578 640 1676 proxima
654 1588 763 1668 esset,
782 1601 856 1648 esse
879 1587 1162 1675 occupaturum.

190 1699 257 1770 llis
279 1701 393 1796 igitur
415 1712 452 1771 et
475 1697 695 1798 hujusmodi·
710 1699 874 1773 motibus
896 1725 1040 1798 semper
1058 1697 1169 1771 affee—

191 1820 1171 1921 tusmoeroretabescebat,sibiquealiquandocumfle·

191 1943 260 2017 bili
267 1946 499 2045 querimonia
508 1947 778 2044 improperans,
791 1944 951 2018 dicebat:
965 1943 1064 2037 Quid
1079 1957 1134 2034 tu,
1147 1971 1171 2016 o

171 2069 397 2161 ¹miserrime
410 2065 559 2158 Teddo‚
579 2065 672 2164 quid
688 2081 749 2158 tu,
765 2071 887 2165 putris
909 2067 1055 2158 relicta,
1076 2068 1173 2140 inter

197 2187 371 2262 barbaros
385 2189 586 2264 devenisti?
599 2192 692 2262 Ecce
707 2191 780 2262 tuis
789 2190 921 2289 plane,
935 2187 1048 2262 sedet
1062 2187 1173 2288 digna

196 2317 488 2415 recompensatio
519 2315 678 2406 meritis,
708 2307 811 2411 quod
839 2327 946 2384 tuum
969 2327 1113 2413 patrem
1136 2315 1171 2385 S.

198 2439 414 2510 Severinum
427 2436 620 2536 reliquisti.
639 2437 740 2508 Inter
757 2433 837 2510 boec
852 2459 939 2534 ergo
955 2439 1172 2537 episeopus,

197 2559 222 2634 ὲ
241 2575 341 2634 tanto
356 2560 549 2658 naufragio
563 2573 710 2632 enatare
725 2575 898 2653 conatus,
915 2560 1107 2633 Coloniam
1115 2585 1177 2633 re-

195 2687 377 2777 vertitur,
396 2698 492 2756 etue
507 2679 647 2756 diutius
665 2687 775 2756 tantis
789 2683 1003 2766 verberibus
1018 2697 1179 2781 quatere·

199 2823 286 2900 tur,
317 2806 449 2900 credo,
472 2808 552 2879 Deo
569 2809 782 2895 miserante,
807 2805 940 2878 morbo
960 2821 1175 2906 correptus,

201 2933 378 3028 migravit
390 2931 410 3003 t
424 2929 577 3022 soeculo,
594 2943 630 3001 et
652 2932 691 3000 in
711 2928 860 3002 basilica
878 2931 915 2999 S.
937 2931 1100 3002 Severini
1119 2955 1179 3003 se-

202 3051 333 3150 pultus
348 3066 413 3124 est.
433 3053 507 3123 Nec
521 3049 821 3150 praetereundum
838 3049 940 3148 quod
953 3053 1181 3149 einsuperna

205 3175 341 3271 pietate
365 3197 596 3265 concessum,
619 3171 640 3244 l
667 3173 773 3246 certis
797 3149 1017 3244 relatoribus
1038 3175 1183 3270 accepi-

211 3319 307 3368 mus.
322 3295 489 3390 Quadam
505 3319 666 3392 namque
682 3293 757 3384 die,
774 3291 866 3363 dum
893 3294 932 3361 in
963 3295 1184 3365 monasterio

207 3421 247 3490 S.
256 3420 394 3512 Mariae,
412 3444 523 3519 super
537 3417 651 3490 altare
664 3419 701 3489 S.
711 3415 923 3508 Salvatoris‚
939 3439 1084 3487 sacrum
1097 3439 1186 3512 mys·

206 3546 344 3616 terium
358 3542 579 3634 celebraret,
602 3555 638 3614 et
659 3539 725 3612 ubi
748 3549 902 3614 ventum
927 3536 1030 3638 quod
1054 3563 1187 3639 corpus

204 3667 469 3759 Dominimm,
488 3665 535 3740 de
549 3691 651 3739 more
669 3662 904 3757 sacerdotali,
929 3661 977 3736 ad
997 3688 1036 3737 os
1059 3661 1189 3736 offerre

205 3787 379 3883 deberet,
395 3815 481 3862 mox
495 3793 634 3862 mirum
649 3792 688 3890 in
707 3785 863 3860 modum
878 3789 957 3885 ipsa
979 3809 1191 3859 saerosanc-

206 3915 238 3984 ti
264 3916 430 4013 eorporis
453 3911 633 3986 confectio
662 3910 873 3983 adnutum
901 3909 1062 4008 episcopi
1092 3905 1193 3977 caeli-

206 4035 495 4130 tussublevata,
521 4034 692 4110 manibus
712 4036 809 4134 ejus,
829 4031 1004 4104 ministris
1018 4029 1192 4102 miranti-

206 4161 302 4254 bus,
318 4157 473 4233 insiluit.
