2932 4974
399 601 401 607 -
456 577 549 622 cisra
572 579 722 626 cennius.
773 583 777 595 ·
1019 571 1077 626 tta

101 737 187 812 dem
204 753 357 838 egestate
373 743 524 832 coactis,
546 765 752 840 paucorum
766 741 983 818 elericorum
999 724 1077 816 eus·

100 859 212 936 todiae
242 861 496 935 mandaretur.
526 863 749 938 Procedente
776 891 863 940 vero
891 879 1076 965 tempore,

98 987 255 1083 contigit
282 981 466 1077 Arnulfo,
498 987 596 1084 patri
621 987 669 1058 D.
693 989 880 1093 episcopi,
903 1011 924 1058 a
945 989 1079 1060 comite

100 1105 332 1178 Herimnnno
349 1107 390 1176 in
403 1104 583 1178 beneficio
597 1107 840 1206 compensari.
857 1108 926 1180 Hic
939 1107 1078 1208 profec-

100 1240 157 1320 to,
173 1225 306 1299 audito
319 1225 366 1298 de
386 1228 603 1324 antiquitate
624 1242 660 1300 et
679 1253 824 1300 summa
843 1231 1080 1303 veneratione

97 1346 189 1441 loci,
205 1352 313 1422 sicuti
325 1351 383 1422 vir
395 1373 503 1420 sanus
516 1347 564 1420 ad
576 1352 775 1448 pristinum
788 1347 946 1448 gradum
958 1351 1079 1425 voluit

95 1471 319 1544 reformare:
338 1469 421 1562 sed,
435 1469 726 1570 subripientibus
744 1475 859 1545 causis
874 1473 1075 1566 bellorum,

98 1618 175 1666 non
189 1595 327 1693 potuit.
343 1596 426 1666 Post
439 1597 544 1692 cujus
558 1619 758 1687 excessum,
775 1621 861 1668 cum
875 1595 1022 1668 Arnulfi
1036 1595 1077 1667 fi-

98 1715 149 1789 lio
164 1713 399 1789 haereditarie
413 1718 539 1810 cessit3
558 1714 670 1816 hujus
689 1719 868 1790 nimirum
885 1717 1080 1793 meliorare

99 1841 255 1914 volentis
266 1837 488 1912 desiderium
496 1837 822 1917 divinaclementia
835 1842 1075 1917 faeoundavit.

99 1955 295 2061 Ipso'enim
311 1977 489 2062 tempore,
504 1963 616 2036 frater
628 1987 714 2036 suus
722 1963 770 2036 ad
777 1966 1010 2065 pontificium
1020 1992 1080 2038 su·

100 2082 290 2179 blimatur,
304 2089 409 2186 cujus
422 2099 498 2158 tam
512 2085 664 2158 consilio
677 2111 791 2184 quam
805 2087 955 2177 auxilio,
968 2087 1083 2184 pulsis

103 2207 253 2305 quidem
275 2209 493 2299 canonicis,
520 2207 568 2277 D.
598 2206 731 2279 abbate
754 2207 968 2300 Richardo,
993 2233 1082 2281 mo-

104 2319 310 2404 nachorum
322 2331 451 2429 religio
467 2342 673 2404 revocatur.
690 2333 762 2422 Qui
775 2313 981 2424 bichardus
999 2357 1083 2430 pos-

104 2465 158 2525 tea
169 2455 398 2527 Fulcuinum
417 2437 588 2526 abbatem
605 2435 676 2524 sibi
690 2453 909 2526 substituere
920 2435 1082 2527 'aestima-

105 2577 167 2647 vit.
183 2580 297 2650 Hunc
315 2561 402 2674 ergo
421 2575 469 2647 D.
490 2578 682 2676 episcopus
702 2555 909 2667 Gerardus,
931 2601 1081 2677 unaque

105 2697 212 2772 abbas
226 2683 436 2771 Richardus
451 2699 664 2796 imperatori
679 2683 949 2797 praesentarunt
963 2699 1082 2772 abba·-

106 2821 152 2892 tia
167 2819 402 2893 donandum.
437 2819 591 2892 Nullum
621 2821 723 2891 enim
751 2819 914 2892 abbatias
947 2834 1083 2920 praeter

105 2945 361 3044 imperatorem
389 2959 453 3016 aut
480 2947 719 3043 episcopum,
742 2943 887 3043 largiri,
905 2923 1081 3043 cuiquam

104 3065 151 3138 sas
177 3081 248 3162 est,
283 3069 451 3166 quamvis
480 3064 679 3140 advocatiae
703 3092 831 3139 earum
851 3067 952 3140 laicis
975 3092 1080 3140 com-

105 3191 340 3264 mendantur.
357 3187 580 3285 subrogatus
597 3191 721 3287 itaque
733 3187 959 3279 Fulcuinus,
978 3188 1081 3259 mul-

108 3321 144 3379 to
171 3311 299 3384 labore
334 3311 598 3382 monasterium
616 3362 626 3400 ,
663 3306 766 3407 quod
801 3293 992 3380 desertum.
1018 3313 1081 3381 in-

107 3417 270 3525 venerat,
295 3433 343 3505 D.
368 3411 547 3530 episcopo
560 3428 760 3527 adjuvante
776 3439 795 3521 ,’
818 3443 893 3501 tam
922 3411 1081 3504 claustro

106 3568 139 3626 et
153 3559 291 3630 caeteris
309 3553 492 3644 aedificiis,
516 3537 629 3652 quam
651 3551 810 3650 regulari
828 3533 985 3626 fratrum
1004 3579 1082 3627 ser-

107 3679 219 3751 vitute
246 3679 421 3748 munivit.
448 3673 558 3766 Quod
591 3655 651 3745 ita¹
669 3677 887 3749 innovatum
914 3675 1082 3752 kalendis

108 3801 190 3871 maii
204 3805 243 3872 in
254 3799 404 3878 ,honore
417 3783 476 3871 SS.
486 3797 738 3898 apostolorum
752 3802 849 3872 Petri
863 3813 899 3872 et
912 3801 1029 3893 Pauli,
1039 3816 1082 3872 ut

107 3937 188 3994 ante
215 3923 361 4014 fuerat,
389 3923 437 3992 D.
470 3924 663 4021 episcopus
693 3925 929 3997 consecravit.
960 3920 1081 3994 Abbas

107 4061 228 4120 autem
245 4046 462 4122 clericorum
485 4049 671 4143 incursus,
693 4050 758 4148 qui
780 4049 886 4147 ejecti
904 4045 1078 4137 fuerant,
