2902 4972
451 536 494 582 Α»
520 537 641 584 conon.
671 537 763 584 esen.
872 587 879 604 ,
1040 531 1095 586 sot

116 703 309 774 victoriam
327 701 503 801 adeptus,
526 702 690 800 gaudeus
714 707 876 796 recessit,
897 719 935 778 et
957 705 1096 804 spolia,

114 847 230 921 equos
250 838 286 896 et
307 827 492 923 captivos,
514 824 694 896 militibus
709 827 782 896 suis
795 825 998 921 largissime
1009 827 1099 902 divi·

114 944 175 1016 sit.
200 947 249 1016 Et
269 942 492 1043 praedictum
506 943 752 1036 Fulchonem,
768 947 953 1016 sororium
967 971 1094 1041 suum,

113 1063 154 1134 in
179 1065 352 1163 captione
371 1087 471 1138 anno
491 1091 569 1138 uuo
593 1065 766 1138 detinuit.
791 1063 862 1138 Sed
885 1079 1010 1164 postea
1028 1093 1097 1166 per

113 1185 646 1284 episcopumetTheodericum
654 1184 855 1260 deAvesnis
863 1186 1093 1282 concordati,

113 1308 227 1380 amici
243 1322 539 1404 permanserunt.

450 1526 620 1708 (inp.
676 1585 755 1663 ιγ.

115 1849 152 1890 Μ
167 1847 299 1892 mm!
316 1847 337 1889 A
358 1849 503 1892 ΜΙΟΝΙῦ
522 1848 650 1892 murt.
664 1872 692 1884 -
703 1853 742 1892 u!
758 1853 956 1896 arcturum
971 1857 1098 1901 UAHGM

209 1927 426 1970 mmm-BR
438 1929 637 1972 ΠΙΙΙΔΤΙΟΝΙ
654 1929 792 1970 {iilam
805 1931 1003 1974 ΜΙΟΜΑΒΒ.

118 2112 245 2252 Quor
257 2162 383 2222 autem
396 2150 465 2222 sub
483 2153 672 2224 occasione
691 2149 858 2254 praedicti
875 2152 1014 2226 Oilardi
1035 2154 1099 2228 hic

117 2271 279 2347 vidimus
292 2273 503 2368 contigisse,
521 2276 664 2346 nemini
680 2276 727 2346 sit
743 2299 941 2348 onerosum
964 2276 1021 2348 vel
1040 2277 1100 2352 le-

118 2421 200 2499 gere
217 2395 278 2470 vel
291 2394 434 2468 audire.
452 2397 521 2468 Hic
535 2395 738 2496 siquidem,
755 2423 841 2470 cum
863 2399 999 2471 virtute
1023 2403 1100 2472 mi·-

118 2516 204 2590 litiae
236 2521 525 2618 circumquaque
554 2517 731 2613 famosus,
761 2519 902 2594 viribus
930 2535 965 2593 et
987 2525 1099 2594 armis

121 2640 418 2713 cameracensem
440 2653 605 2712 tueretur
624 2645 801 2739 patriam,
826 2645 980 2739 contigit
1010 2669 1098 2716 eum

121 2760 337 2862 aliquando,
347 2787 450 2834 more
466 2786 547 2852 suo,
558 2764 595 2832 in
603 2759 986 2860 pagoViromandensi
998 2789 1097 2860 prse-

121 2881 309 2956 dationem
330 2884 487 2956 multam
505 2884 645 2976 fecisse,
670 2898 706 2956 et
725 2898 832 2985 capta
847 2883 987 2984 praeda,
1013 2886 1096 2985 plu-

124 3007 300 3106 rimisque
328 3007 442 3104 captis
471 3004 706 3098 hominibus,
733 3031 910 3106 prospero
929 3033 1096 3082 successu

125 3128 230 3200 citius
254 3151 429 3198 remeare.
448 3130 558 3200 Forte
574 3128 707 3198 mulier
726 3125 912 3225 quaedam,
932 3133 1098 3228 conjugis

120 3251 179 3318 'sui
202 3249 414 3346 captionem
435 3249 594 3342 graviter
617 3247 701 3344 plus
721 3270 829 3343 aequo
851 3244 997 3340 dolens,
1013 3265 1049 3322 et
1066 3277 1104 3324 a·

127 3373 199 3442 cuti
218 3367 357 3442 doloris
371 3369 587 3466 impatiens,
605 3392 719 3466 quam
740 3369 885 3440 concito
905 3393 1014 3442 cursu
1032 3397 1104 3471 po-

129 3503 239 3584 terat,
263 3491 339 3564 sola
366 3487 602 3590 sequebatur.
631 3488 702 3562 Sed
729 3515 807 3563 non
832 3505 911 3562 erat
928 3490 1032 3566 saeile
1062 3510 1105 3568 ut

130 3627 424 3714 consequeretur.
444 3614 561 3710 Igitur
576 3613 751 3686 inclinata
764 3615 843 3712 jam
867 3613 947 3707 die,
971 3617 1105 3690 immi-

131 3751 238 3810 nente
255 3761 418 3836 vespera,
428 3761 500 3808 nox
513 3736 608 3813 facta
620 3751 809 3828 erat,cum
825 3738 887 3810 illa
896 3741 1104 3838 proximam

131 3858 268 3954 sylvam
285 3858 495 3950 deveniens,
505 3885 689 3959 nusquam
702 3860 875 3962 progredi
889 3862 1027 3952 valens,
1044 3885 1106 3960 op·

133 4003 250 4078 pressa
263 3982 399 4057 scilicet
413 3984 528 4056 noctis
546 3983 723 4078 tenebris,
743 4009 898 4058 maerore
911 3997 946 4060 et
963 3981 1107 4056 lassitu-
