2932 4974
387 580 443 634 ¹¹18
679 589 799 638 canoa.
820 591 899 640 cm.
922 553 964 638 nr
981 591 1058 638 Aru.

370 739 670 824 ¹Leodeeensium
688 751 988 847 archidiaoonus,
1004 768 1079 828 tam
1093 769 1131 828 ot
1150 756 1348 832 eeclesiasti-

385 875 434 946 nis
449 898 561 971 quam
571 873 796 950 secularibus
810 879 964 975 negotiis
976 874 1164 970 eruditus,
1184 883 1251 979 qui
1264 905 1347 981 saepa

384 994 537 1072 terendo
555 995 685 1073 limina
708 1002 943 1102 principum,
966 1000 1075 1099 longe
1098 1001 1248 1102 lateque
1265 1009 1349 1078 emi-

384 1122 460 1196 cuit
477 1121 609 1195 clarus.
626 1124 736 1198 Hunc
751 1122 940 1202 Nooherus
956 1126 1022 1223 (ι)
1037 1124 1147 1200 bonae
1169 1130 1346 1202 memorie

383 1247 595 1345 episcopus,
613 1245 661 1320 ad
678 1245 914 1339 blathildem,
929 1250 990 1324 nui
1008 1255 1085 1348 ipae
1104 1249 1281 1324 Erluiunr
1299 1251 1348 1332 ia-

384 1367 536 1441 miliaris
554 1385 652 1462 erat,
678 1371 793 1462 liliam
813 1370 983 1447 videlicet
1005 1373 1149 1446 Ottonis
1171 1375 1267 1446 senio
1282 1375 1347 1445 im-

380 1479 580 1594 peratoris,
603 1492 823 1570 abbatissam
841 1494 999 1569 ecelesiae
1012 1495 1281 1586 Qnitinnborob
1293 1498 1346 1596 (a)

383 1621 531 1694 monuit
547 1621 599 1692 ire
615 1617 848 1710 festinanter,
868 1632 911 1692 ut
922 1643 990 1694 suo
1006 1616 1179 1716 suffragio
1192 1618 1243 1692 ad
1261 1623 1345 1720 epis-

383 1741 481 1837 copii
516 1737 734 1837 dignitatem
768 1743 975 1839 attingeret.
1019 1737 1181 1832 Quidam
1214 1765 1346 1841 qnoque

383 1862 553 1937 azelinus
573 1865 742 1956 nomine,
764 1862 810 1940 de
832 1865 1027 1938 Trunninis
1049 1861 1158 1956 villa,
1175 1863 1345 1953 balduini,
1430 1893 1431 1922 i

383 1983 669 2057 Flaudrensium
685 1987 843 2078 nornitis,
861 1984 907 2057 de
921 1984 1130 2060 concubina
1144 1985 1262 2078 filins,
1274 2009 1346 2085 pos-

385 2123 441 2179 tea
457 2121 578 2179 tamen
592 2110 815 2180 Parisiorum
829 2109 1041 2206 episcopus,
1058 2105 1235 2206 Sophiam
1252 2131 1344 2180 soro-

384 2257 462 2304 rem
476 2233 622 2330 juvenis
637 2219 867 2330 imperaloris
881 2231 1038 2329 monnio
1052 2227 1206 2302 adorsus
1226 2244 1289 2322 est,
1312 2240 1346 2299 ut

385 2359 463 2454 ejus
493 2355 649 2427 obtentu
680 2352 862 2454 pontificii
889 2352 1037 2425 culmen
1069 2355 1268 2426 sortiretur.
1296 2350 1346 2422 Ab

384 2492 543 2576 utraque
573 2479 686 2574 igitur
714 2491 818 2574 parte
845 2467 1045 2574 imperator
1078 2475 1264 2573 pulsatur;
1292 2469 1345 2545 sed

385 2613 529 2708 tamen,
559 2599 639 2670 Deo
668 2595 903 2696 disponente,
936 2599 1050 2694 magis
1079 2597 1228 2670 alterius
1250 2619 1344 2692 roga·

387 2725 479 2796 tioui
494 2719 710 2806 inflectitur.
735 2721 829 2792 Nam
850 2744 974 2792 sorore
996 2715 1134 2817 Sophia
1152 2719 1343 2808 nesciente,

386 2841 559 2922 Matlrildi
589 2845 711 2920 amitae
736 2853 985 2933 consenserat,
1008 2854 1119 2939 atque
1140 2839 1292 2911 Erluino
1312 2839 1343 2910 in

384 2973 445 3046 die
457 2969 613 3042 solemni
628 2971 664 3038 S.
684 2967 853 3064 Dionysii
870 2965 1035 3064 regimen
1053 2961 1235 3066 pastorale
1255 2985 1345 3040 eom-

385 3096 544 3169 miserat.
585 3091 657 3182 Qui
693 3101 795 3160 tanto
827 3112 980 3159 munere
1006 3099 1195 3188 suscepto,
1230 3083 1345 3161 urbem

385 3217 615 3292 commissam
632 3214 757 3314 petiit,
774 3209 837 3285 sed
850 3211 949 3284 bona
963 3211 1195 3289 antecessoris
1209 3209 1264 3282 sui
1280 3209 1345 3278 llo-

385 3338 528 3431 thardi,
547 3364 568 3412 a
587 3337 749 3408 Walters
773 3348 810 3407 et
823 3335 870 3408 ab
886 3335 986 3426 aliis,
1008 3333 1073 3434 qui
1089 3331 1221 3406 milites
1244 3327 1347 3402 eccle·

385 3466 447 3536 siae
463 3486 536 3534 esse
553 3457 750 3550 deberent,
780 3470 918 3530 vastata
939 3457 1143 3555 reperiens,
1167 3450 1345 3550 ingemuit.

386 3587 455 3655 Per
463 3581 561 3654 idem
569 3605 656 3654 vero
671 3575 1026 3680 tempus,Arnulsm,
1047 3576 1280 3650 Remensium
1293 3593 1348 3642 ar·

388 3703 660 3805 chiepiscopus,
678 3727 747 3802 pro
768 3702 894 3775 multis
911 3699 1129 3795 sceleribus,
1152 3714 1189 3773 et
1207 3697 1349 3768 marimo

388 3853 457 3930 pro
473 3824 688 3899 infidelitate
700 3828 758 3898 sui
773 3828 944 3912 senioris,
961 3825 1008 3898 ab
1025 3822 1223 3924 episcopali
1244 3811 1347 3916 gradu
1395 3807 1399 3815 “

425 4001 479 4068 (l)
496 4000 564 4052 ab.
579 4001 744 4052 Nemm-
760 3998 816 4068 (Ξ)
832 3999 1112 4058 ΑιιΙίειιάοοοιιοιι,
1132 3997 1255 4064 ilyonn
1270 4003 1348 4061 erpere

389 4089 721 4146 flamm-sternuat.
