2906 4970
488 548 582 598 ιΙΙΕΙ
595 549 744 598 TERTIUS·
1048 545 1106 604 298

126 709 290 806 aericum
306 721 479 801 noverat,
500 721 643 802 ortum,
670 712 749 808 eius
765 711 981 809 gaudiosam
1000 711 1109 788 iesu·

127 832 277 909 vitatem
303 859 389 932 quse
419 857 474 909 ιιι.
502 829 626 909 idibus
657 836 802 930 augruti
821 849 895 928 est,
922 835 1108 912 mlobrars

126 957 283 1031 veniret.
303 957 377 1048 Qui
393 955 592 1065 nimirum,
612 969 753 1054 quanto
768 959 909 1054 major,
926 971 1029 1034 tanto
1036 958 1109 1034 hu·

126 1077 270 1170 milior,
287 1079 365 1176 regi
380 1076 559 1156 llotborto
573 1076 723 1180 eumad
736 1104 774 1156 sc
790 1082 952 1173 reniret,
968 1082 1109 1163 invilla

126 1200 315 1293 Mosomo,
330 1203 370 1276 in
384 1199 444 1278 dio
456 1201 546 1278 festo
558 1205 595 1278 S.
609 1203 801 1280 Laurentii
814 1227 1007 1280 occurrere
1023 1208 1111 1281 csti-

126 1325 263 1404 mavits
278 1328 320 1400 in
332 1327 490 1402 crastino
506 1351 592 1402 vero
608 1329 645 1402 S.
660 1329 876 1426 Gangerici,
899 1329 1109 1402 venientem

124 1444 179 1521 ad
193 1472 231 1520 so
245 1472 330 1524 cum
346 1474 491 1528 summo
504 1452 739 1526 veneratione
751 1453 922 1552 suscepit.
939 1453 1019 1526 Hoc
1034 1478 1109 1526 au-

124 1580 201 1642 tem
216 1581 291 1646 tarn
303 1570 458 1669 speciale
470 1572 720 1672 colloquium,
737 1586 774 1648 et
796 1587 908 1650 motae
928 1575 1108 1650 solemni-

123 1693 210 1766 tatis
224 1709 553 1786 conventum,nou
562 1709 713 1772 estmsae
721 1699 911 1796 parvitatis
922 1698 1106 1774 evolvere.

123 1815 197 1892 Ubi
227 1816 407 1916 quidem,
436 1817 665 1894 divenarmn
692 1823 888 1897 nationum
920 1819 1032 1900 duces
1065 1845 1109 1894 ao

122 1953 298 2039 nuspa,
315 1941 383 2016 ubi
398 1963 631 2018 summorum
646 1957 683 2017 st
697 1941 898 2018 illustrium
916 1945 1107 2034 virorum,

122 2073 202 2136 tam
226 2067 485 2163 episcoporum
512 2061 702 2154 videlicet,
731 2089 846 2162 quam
864 2078 904 2138 et
925 2064 1108 2138 abbatum

125 2187 167 2260 in
187 2211 344 2260 numero
364 2184 585 2260 confluxere·
604 2175 785 2282 persollae.
807 2183 867 2257 nd
889 2183 963 2258 hoc
983 2197 1109 2256 autam

124 2305 280 2406 plurimi
298 2321 577 2396 convenerunt,
602 2319 647 2382 ut
666 2304 884 2404 dignitatem
904 2309 1110 2407 imperato«

123 2432 221 2504 riam
240 2434 483 2522 mirarentur,
504 2453 617 2528 quam
639 2441 830 2530 tantopore
854 2429 953 2504 sama
973 2429 1132 2506 laudan.

122 2535 203 2628 hat}
221 2553 279 2628 na
296 2567 393 2628 cera
410 2555 509 2653 paen
523 2569 559 2626 a
571 2555 723 2654 jnsuae
736 2576 882 2630 summa
904 2553 1105 2648 affinius,

124 2692 343 2776 mutumque
367 2679 536 2750 amicitiae
548 2677 644 2752 facta
660 2678 923 2751 reconciliatio.
938 2678 995 2750 lbi
1009 2703 1109 2778 quo·

123 2823 200 2897 que
215 2796 491 2896 diligentissimo
504 2795 653 2898 do‘pace
663 2801 700 2872 S.
709 2800 777 2871 Dei
786 2799 944 2876 ecclesiae
952 2801 1110 2874 maxime

124 2932 324 2994 tractatum
340 2934 417 3014 est,
439 2933 475 2993 et
497 2919 687 3021 quomodo
711 2920 990 3014 christianitati,
1024 2947 1108 3022 quae

125 3055 182 3116 tot
203 3043 366 3143 lapsibus
385 3057 506 3150 patet,
529 3045 661 3120 melius
685 3043 881 3122 schvcnire
910 3043 1105 3120 deberent.

124 3167 221 3238 Exin
235 3191 322 3238 vero
335 3191 409 3240 sese
422 3168 581 3241 invicem
596 3165 846 3261 consulentes,
861 3167 1018 3241 ubinam
1034 3171 1111 3240 ite-

124 3313 213 3361 rum
242 3289 482 3379 conventuri,
511 3289 559 3360 D.
589 3289 700 3360 etiam
727 3287 990 3386 apostolicum,
1034 3315 1112 3362 una
1151 3264 1156 3283 ,

124 3437 215 3486 eum
227 3424 304 3488 tam
320 3414 413 3486 citra
430 3435 544 3510 quam
561 3409 659 3484 ultra
678 3407 811 3509 alpinis
840 3411 1019 3510 episcopis
1051 3436 1111 3486 se·

125 3561 214 3609 cum
251 3534 437 3626 habeant,
478 3557 662 3634 nusquam
696 3533 817 3634 aptius
840 3557 954 3633 quam
987 3535 1111 3636 Papioe

126 3657 348 3732 decernunt.
371 3658 436 3729 His
457 3657 509 3728 ita
530 3657 655 3756 gestis,
681 3681 767 3730 cum
788 3655 834 3730 ab
857 3658 1016 3732 invicem
1032 3655 1112 3731 dis-

127 3777 258 3855 cedere
277 3777 507 3868 debuissent,
530 3803 574 3851 ac
598 3801 685 3852 vero
706 3781 788 3878 quis
816 3791 919 3853 tanta
942 3805 986 3854 ac
1016 3783 1111 3852 tanti

126 3902 304 4004 ponderis
341 3928 497 3976 munera
532 3901 754 3977 sufficienter
784 3908 922 4004 poterit
949 3905 1111 3975 estima-

127 4053 193 4124 re,
221 4026 357 4129 quibus
384 4028 542 4102 vicissim
564 4028 763 4130 imperator
783 4053 907 4128 regern
936 4011 1109 4118 donavit,
