3044 4968
336 577 393 632 106
640 575 759 625 cnott.
778 573 856 621 cu.
874 575 918 620 ΕΤ
933 571 1010 618 Aru.

336 659 1322 694 .-....--—-—-—----·····-··-

639 809 809 988 (ἴαν.
863 847 1009 940 uxx.

337 1093 504 1138 commo
530 1089 622 1133 utun
640 1083 725 1128 lfflc
748 1081 902 1124 mmm
925 1081 1061 1124 comm
1079 1080 1117 1122 Ιῖ
1136 1077 1317 1124 mmm!

375 1171 553 1220 uenenum
566 1167 667 1209 'rma
683 1163 812 1206 VICTOR!
821 1162 961 1204 fflffiffl’o
971 1161 1067 1203 (101118
1080 1159 1276 1202 mutum.

340 1322 462 1434 Turta
480 1350 654 1451 temporis
676 1348 776 1419 Isaac
794 1365 915 1416 comes
938 1340 1241 1416 abbatiunculam
1267 1343 1311 1413 B.

341 1475 558 1565 llumberti,
591 1471 677 1560 cui,
716 1479 760 1540 ut
787 1463 901 1564 paulo
934 1466 1102 1563 superius
1132 1461 1315 1558 diximus,

338 1598 553 1695 episcopum
574 1588 802 1690 Stephanum
822 1609 885 1658 rex
904 1585 1063 1660 Karalus
1082 1583 1315 1686 prael'eoerat,

340 1718 567 1821 possidebat,
589 1718 781 1818 ipsamque
800 1713 939 1810 regiam
954 1737 997 1785 ac
1011 1709 1234 1812 locupletem
1247 1712 1322 1785 ab·

339 1841 480 1916 batiam
495 1837 711 1913 sanctissimi
735 1835 930 1932 Gaugerici
947 1859 1034 1908 cum
1054 1833 1229 1908 omnibus
1248 1859 1320 1936 ap-

341 1959 521 2062 pendiciis
536 1959 606 2034 sibi
617 1954 874 2030 beneficiatam
887 1953 934 2030 de
947 1957 1048 2054 regio
1058 1959 1142 2057 jure
1154 1956 1318 2051 tenebat,

341 2082 542 2157 dimidium
572 2077 709 2156 scilicet
736 2081 941 2153 Cameracae
969 2079 1072 2153 urhis
1100 2077 1319 2174 castellum,

341 2229 427 2281 cum
441 2205 636 2281 medietate
650 2221 799 2308 quoque
814 2203 1051 2308 publicorum
1067 2203 1317 2304 vectigalium,

341 2330 526 2428 simulque
537 2329 648 2401 etiarn
660 2351 747 2401 curn
763 2325 876 2399 altera
889 2339 1051 2398 moneta.
1067 2327 1115 2397 Et
1130 2327 1215 2426 quia
1227 2321 1319 2396 urbs

341 2450 410 2522 sub
419 2448 626 2522 diversitate
633 2447 782 2521 biremis
789 2445 946 2519 dominii
956 2445 1148 2545 agebatur,
1164 2447 1322 2546 easiqui·

342 2568 428 2643 dem
447 2569 706 2668 naufragante,
732 2568 935 2667 aliquando
958 2583 1114 2644 rectores
1136 2572 1206 2669 ipsi
1222 2571 1323 2642 inter

341 2717 378 2766 se
388 2694 476 2765 ortis
490 2689 738 2765 simultatibus
752 2687 1037 2768 collidebantur.
1054 2695 1205 2791 Semper
1217 2694 1318 2765 enirn

340 2817 439 2888 inter
459 2817 645 2886 ministros
668 2833 799 2883 eorum
824 2837 895 2912 pro
914 2811 1024 2890 rebus
1043 2814 1227 2912 exigendis
1246 2839 1319 2887 au.

339 2934 512 3009 diebatur
528 2935 742 3032 confragosa
758 2931 909 3027 seditio,
935 2937 1320 3036 sempercxcresoebat

338 3057 502 3132 violenta
533 3070 646 3156 atque
678 3057 798 3154 gravis
830 3059 1022 3156 utrimque
1054 3060 1314 3153 tumultuatio,

338 3203 423 3280 quae
440 3178 621 3279 paulatim
644 3181 813 3276 graviore
833 3193 939 3250 motu
960 3183 1132 3274 excitata,
1153 3206 1314 3281 eousque

336 3302 529 3402 processit,
552 3313 596 3372 ut
618 3302 657 3372 in
680 3323 783 3373 arma
808 3299 1030 3401 plerumque
1060 3315 1312 3378 moverentur.

337 3424 425 3498 Haec
456 3426 581 3524 itaque
603 3437 640 3496 at
668 3422 885 3524 hujusmodi
912 3449 1032 3499 comes
1056 3427 1317 3526 magnanimus

337 3545 571 3644 impatienter
597 3549 801 3645 accipiens,
830 3551 869 3620 in
897 3549 967 3622 iras
996 3547 1222 3623 furibundus
1235 3569 1316 3646 pras

337 3666 453 3736 nimia
467 3663 723 3766 indignatione
737 3665 951 3764 excanduit,
969 3671 1138 3770 tantique
1155 3669 1315 3767 turgoris

336 3787 514 3860 cervicem
530 3785 703 3862 adversus
717 3791 766 3863 D.
790 3791 1004 3893 pontificem
1021 3793 1154 3884 erexit,
1171 3805 1213 3862 ut
1226 3813 1315 3865 eum

336 3907 499 4006 quadam
513 3908 591 4004 die,
607 3933 683 3984 uua
700 3935 786 3984 curn
803 3913 1105 3988 suissaderclicta
1118 3909 1318 3984 mandaret

336 4035 555 4128 quantocius
568 4033 761 4134 aufugere,
777 4035 1052 4114 solusvidelicet
1061 4048 1186 4136 postea
1199 4035 1315 4116 totius
