3088 4968
582 531 675 578 lm}
691 533 823 579 rursus.
1155 525 1190 578 dl

211 695 437 793 infulgebat,
452 719 524 793 pro
535 721 639 768 servo
653 719 739 768 usus
745 709 810 768 est.
826 696 1011 786 Quoniam
1022 694 1193 794 fatigatus

210 821 370 910 itinere,
412 818 602 891 materiale
639 843 756 910 onus,
785 833 828 890 ut
857 800 1046 916 spirituale
1076 817 1193 892 levius

210 953 434 1030 assumeret,
450 938 655 1038 deponens,
678 967 835 1041 cappam
856 963 961 1012 suam
977 953 1088 1038 atque
1106 965 1191 1015 ma-

210 1064 315 1134 nicas
345 1085 428 1132 suas
455 1059 558 1132 radio
589 1063 692 1155 solis,
722 1077 900 1162 tanquam
928 1061 981 1134 ibi
1011 1075 1190 1160 protensae

210 1181 341 1254 ferulae
374 1185 587 1280 ignoranter
614 1187 752 1286 injecit.
779 1187 869 1278 Quae
897 1183 951 1257 sol
975 1185 1051 1283 ipse
1076 1187 1192 1258 susci-

207 1307 336 1404 piens,
361 1303 452 1376 dum
469 1308 627 1378 orationi
642 1321 844 1406 prostratus
868 1305 1116 1400 incumberet,
1132 1307 1190 1380 fa·-

210 1433 392 1508 mulando
404 1437 590 1507 sustinuit.
613 1437 804 1535 Dispositis
824 1439 963 1510 interea
978 1461 1061 1535 quae
1088 1434 1190 1508 domi

192 1559 410 1646 ,necessaria
437 1571 561 1648 erant,
589 1559 630 1628 B.
660 1559 880 1630 Mauruntus
910 1559 1024 1630 sancti
1041 1559 1190 1654 vestigia

207 1679 443 1770 subsecutus,
460 1705 545 1753 cum
560 1681 748 1754 ecclesiam
768 1681 968 1771 introisset,
990 1693 1027 1751 et
1045 1681 1189 1754 exuvias

207 1804 323 1876 sancti
355 1800 402 1873 de
429 1801 504 1873 sole
525 1799 687 1900 pendere
709 1799 1032 1902 deprehendisset,
1051 1801 1190 1873 Deum-

207 1949 280 2024 que
317 1923 526 1996 mirabilem
559 1921 801 2021 glorificando
833 1919 1064 2022 praedicans,
1097 1925 1188 1994 tanti

207 2047 278 2118 viri
309 2043 469 2144 pedibus
492 2071 528 2119 se
556 2048 774 2146 prostravit,
801 2069 979 2142 suamque
1012 2047 1190 2139 ignoran-

212 2169 300 2241 tiam
323 2193 515 2260 accusans,
542 2171 573 2240 si
603 2166 695 2267 quid
722 2169 761 2238 in
791 2191 876 2238 eum
899 2179 1095 2265 peccasset,
1129 2193 1190 2240 ve-

208 2289 307 2362 niam
323 2289 535 2388 postulavit.
547 2291 629 2362 Non
643 2293 741 2363 enim
756 2289 810 2362 illi
822 2303 928 2362 antea
939 2301 1190 2387 competenter

207 2414 398 2504 servierat,
417 2425 546 2512 utpote
565 2439 676 2513 quem
692 2416 785 2486 tanti
807 2414 928 2484 meriti
947 2411 1048 2510 apud
1065 2413 1187 2486 Deum

205 2535 318 2608 ruisse
344 2532 513 2608 nondum
540 2553 705 2610 noverat.
738 2543 785 2609 At
812 2537 1023 2609 mitissimus
1054 2537 1189 2634 praesul

206 2655 410 2729 clementer
435 2659 501 2754 (1)
529 2655 708 2751 indulsit,
743 2673 803 2751 et,
832 2683 908 2729 non
936 2657 1056 2728 multo
1083 2672 1185 2755 post,

205 2779 349 2851 viribus
368 2783 584 2880 resumptis,
615 2783 684 2854 iter
701 2807 851 2883 quoque
871 2791 1064 2851 resumunt
1085 2777 1187 2878 quod
1310 2807 1317 2820 ·

209 2915 383 3000 ceperant
396 2903 481 2998 (a),
497 2901 736 3004 laboremque
752 2929 862 2976 suum
878 2900 995 2974 divini
1013 2903 1190 2974 sermonis

208 3020 406 3094 dulcedine
425 3024 622 3118 lenientes,
642 3029 876 3098 Hamatieum
892 3025 954 3121 (3)
970 3021 1185 3096 deveniunt.

208 3147 292 3237 Quo
314 3147 352 3215 in
369 3144 450 3219 loco
474 3143 677 3221 diutissime
704 3159 992 3235 commorantes,
1018 3169 1095 3216 non
1115 3147 1190 3216 mi-

213 3266 356 3338 nimum
376 3268 624 3366 profecerunt.
649 3271 789 3342 Relicto
811 3268 971 3363 denique
989 3267 1188 3337 Hamaticae

210 3388 397 3482 coenobio,
426 3415 527 3464 sacer
555 3391 690 3490 praesul
721 3389 918 3476 educitur,
952 3383 1189 3484 Broilumque

206 3509 406 3610 perductus
421 3527 486 3584 est.
504 3518 583 3611 lpse
600 3539 687 3586 vero
698 3516 802 3612 juxta
815 3511 1002 3584 basilicam
1016 3507 1187 3581 cellulam

205 3631 276 3704 sibi
289 3623 468 3708 ‘fabricari
495 3637 697 3733 praecepit,
729 3638 826 3706 intra
849 3657 979 3732 quam,
1011 3631 1187 3732 quando-

206 3777 355 3852 cunque
373 3769 628 3855 opportunum
646 3771 743 3849 erat,
765 3779 838 3828 sese
859 3759 1067 3846 continens,
1092 3756 1188 3848 vigi-

244 3953 276 4016 (l
287 3957 297 4020 )
312 3954 375 4006 Μ).
387 3955 677 4028 elementorumque·
692 3959 743 4027 (ἓ)
758 3963 788 4008 Α.
796 3957 822 4008 b.
832 3959 933 4010 resumit
943 3961 969 4005 ct
978 3961 1083 4023 ceperat.
1092 3950 1185 4023 -(3)

207 4049 243 4094 Α.
256 4044 282 4096 b.
296 4045 439 4099 [lomim.
