3088 4968
370 583 409 637 20
673 587 791 635 cneori.
811 587 889 634 ctu.
909 587 952 632 rr
970 585 1064 656 tm.-

369 754 558 828 lizandum
572 757 770 829 Cameraco
786 766 823 826 et
839 751 1013 826 Atrebato
1031 751 1157 850 dirigit
1174 751 1346 825 urbibus.

368 881 503 977 Liquet
515 903 602 976 ergo
620 875 722 976 quod
741 903 803 949 rer
820 879 899 967 iste,
917 887 1057 973 quanto
1073 877 1274 973 impensius
1289 901 1351 976 pa·

370 1017 491 1076 ternas
518 1001 618 1076 sedes
652 1015 854 1094 amaverat,
883 993 986 1073 tanto
1013 999 1234 1098 probatioris
1262 1002 1351 1074 vitae

369 1140 553 1226 pastorem
577 1125 713 1198 coloci
735 1123 979 1222 delegaverat.
1012 1124 1068 1196 lbi
1086 1127 1186 1196 enim
1213 1137 1350 1223 praeter

370 1263 516 1323 caeteras
547 1247 666 1342 sedes,
693 1261 736 1320 ut
765 1245 880 1347 paulo
908 1247 1076 1345 superius
1098 1245 1241 1322 dictum
1271 1260 1345 1340 est,
1416 1287 1420 1294 ·

370 1372 560 1471 specialius
591 1371 804 1444 versabatur
834 1395 843 1441 ε
878 1368 1036 1470 ideoque
1069 1372 1201 1469 majori
1231 1370 1350 1467 gratia

371 1494 532 1589 ductus,
563 1496 737 1596 pastorali
768 1498 946 1593 regimine
983 1493 1199 1594 parochiam
1231 1493 1351 1567 ditare

372 1622 589 1695 conabatur.
611 1623 758 1721 Quippe
782 1619 930 1720 nullum
952 1620 1143 1692 meliorem
1168 1645 1281 1718 quam
1305 1621 1348 1692 B.

372 1740 600 1836 vedastum,
631 1757 667 1815 et
695 1741 743 1814 ad
771 1743 929 1820 ferocem
956 1741 1141 1842 populum
1169 1739 1354 1814 edoman-

373 1862 484 1956 dum,
504 1879 540 1938 et
554 1863 602 1937 ad
615 1867 771 1963 gratiam
782 1862 873 1936 fidei
887 1861 1117 1938 excitandam
1131 1863 1350 1960 arbitratus,

238 1981 242 1990 ’
373 2011 441 2086 per
459 2013 570 2085 quem
586 1989 661 2086 ipse
677 1985 790 2060 fidem
805 1985 1025 2060 catholicam
1042 1985 1164 2058 fuerat
1180 1983 1349 2084 adeptus.

375 2109 591 2184 Notandum
614 2137 701 2186 vero
726 2109 846 2211 quod,
872 2123 1041 2208 utsupra
1064 2110 1266 2206 tetigimus,
1293 2107 1354 2182 hee

374 2229 459 2306 duae
477 2231 662 2332 parochiae
677 2247 784 2306 antea
797 2235 944 2332 gemina
957 2229 1156 2330 episcopali
1173 2225 1355 2302 adminis—

375 2355 531 2424 tratione
555 2352 780 2450 gaudebant.
808 2357 916 2428 Nunc
934 2367 1079 2446 autem,
1104 2355 1192 2451 quia
1210 2353 1257 2426 ab
1281 2351 1355 2427 hoc

373 2493 499 2552 sancto
519 2477 694 2577 pontifice
709 2493 855 2554 vastatae
870 2493 1023 2580 repertae
1038 2493 1143 2570 sunt,
1160 2505 1237 2552 uno
1251 2481 1355 2578 regi-

375 2581 475 2672 mine
490 2600 729 2700 colliguntur.
747 2605 819 2694 Qui
837 2605 1064 2676 inAtrebatae
1081 2603 1183 2676 urbis
1198 2605 1355 2678 introitu
1394 2659 1401 2664 -

375 2719 552 2794 claudum
570 2749 709 2816 unum,
732 2725 890 2798 alterum
907 2751 1066 2818 caecum,
1088 2725 1286 2798 clamantes
1304 2725 1354 2798 ad

374 2867 430 2935 se,
452 2842 554 2916 hunc
567 2844 659 2918 lucis
673 2844 875 2945 ademptae,
889 2847 998 2920 illum
1014 2845 1234 2920 ambulandi
1245 2847 1356 2922 facul-

376 2979 451 3036 tate
474 2962 639 3038 donavit.
669 2969 936 3064 Introgressus,
962 2983 1085 3068 stupet
1106 2967 1230 3042 flenda
1252 2969 1354 3044 urbis

377 3083 594 3184 deJ‘cctione.
619 3090 711 3160 Nam
734 3091 895 3188 antiquis
910 3089 1024 3162 ferme
1042 3093 1269 3192 temporibus
1293 3119 1355 3168 sa-

377 3233 448 3280 crae
468 3233 511 3280 eo
535 3209 606 3282 loci
633 3209 721 3284 fidei
750 3210 914 3284 floruisse
945 3212 1161 3310 religionem
1188 3219 1351 3314 agnovit.

377 3329 448 3404 Sed
463 3346 616 3432 propter
635 3333 811 3406 offensam
826 3335 1088 3428 incolentium,
1105 3337 1268 3430 occulto,
1290 3339 1356 3412 sed

372 3455 474 3551 justo
490 3456 559 3526 Dei
577 3455 742 3553 judicio,
766 3455 899 3530 tradita
913 3474 985 3551 est,
1006 3485 1093 3532 cum
1110 3461 1248 3534 caeteris
1262 3460 1356 3532 Gal-

377 3572 523 3666 liae,vel
538 3577 746 3650 Germaniae
760 3578 983 3667 civitatibus,
1002 3606 1146 3678 pagano
1160 3595 1197 3656 et
1211 3580 1356 3682 perfido

379 3695 592 3790 Hunorum,
612 3700 688 3796 regi
704 3699 839 3792 Attilae,
861 3699 949 3774 urbs
966 3727 1115 3801 quoque
1134 3701 1197 3774 illa
1210 3701 1356 3803 deprae-

379 3813 517 3888 danda.
535 3820 607 3910 Qui
627 3833 780 3919 propter
801 3824 915 3894 animi
931 3825 1127 3916 saevitiam,
1150 3849 1218 3898 nec
1234 3849 1358 3897 sacer-

380 3927 530 4011 dotibus
557 3941 645 4034 Dei,
677 3939 855 4042 utsupra
882 3943 1117 4038 deflevimus,
1147 3971 1215 4018 nec
1238 3945 1359 4020 cocle-

288 4051 290 4058 ’
381 4059 441 4132 siis
467 4062 535 4134 Dei
565 4066 806 4140 reverentiam
833 4083 986 4143 noverat
1015 4066 1254 4170 impendere,
1291 4067 1358 4143 sed
