3044 4968
1066 493 1347 510 *ψ

365 537 420 592 tat
657 543 777 594 onnon.
797 543 876 591 ears.
895 541 938 589 ar
957 541 1036 589 arn.

364 708 441 806 ipse
452 703 646 797 Artoldus,
665 705 814 779 absente
827 705 980 803 quidem
1004 701 1161 802 lingone
1184 703 1322 778 aemulo
1338 727 1352 798 ,·

363 848 488 902 coram
504 828 651 927 regibus
675 840 712 900 et
730 825 904 898 omnibus
924 826 990 924 qui
1010 821 1165 896 aderant
1189 849 1265 898 suae
1285 817 1352 899 ⁴re-

365 948 592 1024 clamationis
629 949 795 1049 querelas
828 945 1074 1047 protulisset,
1111 945 1352 1045 introgressus

364 1069 518 1170 quidam
531 1071 764 1169 Sigebaldus,
784 1070 961 1169 praemissi
976 1069 1144 1165 Hugonis
1162 1068 1317 1144 clericus
1339 1123 1350 1165 ,

366 1192 490 1266 attulit
512 1193 655 1285 literas,
682 1217 774 1291 quas
800 1192 918 1263 Roma
949 1186 1154 1279 detulerat,
1188 1215 1355 1292 quasque

363 1315 495 1412 jamin
513 1315 586 1388 alia
605 1312 749 1413 synodo
772 1313 928 1386 Mosomi
948 1311 1226 1410 propalaverat,
1249 1337 1355 1386 asse-

368 1461 451 1512 rens
465 1436 610 1512 easdem
626 1438 749 1511 literas
761 1433 830 1510 sibi
845 1437 972 1508 Romae
986 1433 1033 1506 ab
1051 1436 1132 1533 ipso
1146 1438 1212 1535 qni
1227 1433 1357 1508 aderat

371 1559 517 1631 Marino
529 1561 667 1634 vicario
680 1557 796 1632 datas.
816 1559 889 1650 Qui
905 1557 953 1630 D.
977 1556 1143 1654 Marinus
1161 1556 1356 1657 proferens

371 1677 512 1772 literas,
531 1706 622 1780 quas
636 1679 735 1754 idem
748 1675 963 1778 sigebaldus
976 1678 1134 1750 Romam
1148 1675 1353 1772 detulerat,

372 1806 551 1903 praecepit
565 1829 624 1878 eas
640 1829 766 1878 coram
779 1801 923 1901 synodo
943 1799 1108 1893 recitari,
1130 1803 1169 1873 in
1193 1827 1357 1902 quarum

373 1928 587 2002 recitatione
603 1940 791 2027 repertum
808 1939 881 2016 est,
899 1935 1013 2024 prout
1025 1924 1115 2022 ipsse
1130 1924 1245 1998 literae
1260 1925 1360 1998 fate-

373 2045 529 2124 bantur:
549 2048 651 2150 quod
667 2047 792 2141 Wido,
809 2050 1001 2147 episcopua
1014 2049 1266 2141 suessonicus,
1282 2048 1362 2120 Hil-

375 2168 543 2270 degarius
562 2197 712 2274 quoque
732 2171 975 2261 Belvaccnsis,
999 2167 1180 2244 liedulfus
1200 2169 1361 2244 Laudn-

374 2299 514 2388 nensis,
528 2297 727 2370 Fulbertus
738 2295 1025 2386 Cameracensis,
1038 2297 1220 2394 ceterique
1228 2297 1360 2367 cuncti

375 2415 560 2490 Remensis
585 2415 781 2490 dioeceseos
803 2417 966 2516 episcopi
991 2412 1137 2488 easdem
1163 2416 1282 2488 literas
1305 2413 1363 2490 ad

375 2535 498 2610 sedem
527 2535 775 2636 deelgaverint
802 2537 1040 2636 apostolicam
1066 2563 1136 2637 pro
1172 2550 1363 2612 restaura-

375 2659 476 2732 tione
502 2660 669 2758 Hugonis
697 2661 737 2731 in
765 2656 850 2732 sede
882 2661 1075 2752 Remensi,
1094 2671 1131 2732 et
1144 2659 1362 2759 expulsione

375 2781 534 2855 Artoldi.
571 2785 656 2856 Post
681 2808 840 2882 quarum
859 2782 1055 2855 lectionem
1078 2807 1254 2881 exurgens
1269 2783 1364 2857 Ful-

375 2902 501 2977 bertus
528 2929 615 2978 cum
642 2887 802 3003 praefatis
834 2907 973 2977 caeteris
1003 2903 1253 3004 praesulibus,
1291 2909 1362 3006 qui

373 3027 414 3097 in
436 3024 573 3100 eisdem
596 3026 710 3100 literis
731 3025 1042 3120 nominabantur,
1064 3049 1123 3102 eas
1141 3027 1265 3104 literas
1292 3053 1362 3100 re-

372 3145 521 3220 futavit:
545 3163 710 3222 astruens
729 3151 869 3247 quippe
898 3171 957 3220 ens
980 3163 1089 3220 antea
1105 3171 1297 3250 nunquam
1315 3175 1360 3223 se

373 3268 506 3343 vidisse
534 3271 593 3344 vel
623 3269 790 3363 audisse,
824 3293 945 3370 neque
978 3273 1017 3341 in
1049 3295 1178 3344 earum
1208 3270 1361 3370 delega-

375 3395 476 3467 tione
485 3417 706 3468 consensum
724 3388 936 3493 praebuisse.
953 3396 1023 3466 Cui
1044 3391 1137 3465 dum
1160 3391 1259 3468 idem
1281 3395 1361 3468 cle-

374 3517 471 3588 ricus
484 3519 666 3588 contraire
681 3538 757 3588 non
772 3529 909 3613 posset,
925 3515 1010 3588 licet
1029 3518 1069 3586 in
1087 3536 1151 3590 eos
1164 3517 1360 3591 calumniis

374 3633 604 3736 obstrepens,
641 3639 817 3738 precepit
853 3637 901 3711 D.
937 3639 1121 3732 Marinus,
1161 3663 1360 3739 suggerens

373 3759 553 3834 nniversae
566 3758 729 3857 synodo,
746 3773 790 3832 ut
803 3760 872 3834 sibi
886 3761 1080 3836 consilium
1094 3775 1132 3835 et
1143 3775 1286 3836 rectum
1296 3765 1361 3864 ju-

374 3881 515 3959 dicium
539 3887 746 3986 proferrent
773 3911 884 3988 super
908 3881 1124 3988 hujusmodi
1147 3885 1363 3962 calumnia·-

316 4045 320 4055 ·
376 4017 474 4102 tore,
493 4023 530 4083 et
549 4010 819 4085 calumniarum
843 4011 882 4083 in
900 4013 1089 4113 episcopos
1108 4010 1285 4087 delatore.
1312 4019 1364 4086 st
