2902 4972
358 543 415 599 566
724 546 796 593 ΑΡΡ.
819 542 952 591 Atussa

358 736 429 812 que
446 725 628 784 terrarum
642 706 825 792 innotuit,
842 717 878 779 et
889 705 994 778 libris
1008 705 1208 782 annalibus
1226 707 1339 782 tradi-

357 847 438 906 tum
447 830 686 922 describitur,
702 855 788 902 cnm
799 831 901 928 justo
913 829 983 900 Dei
997 842 1034 900 et
1046 843 1175 927 aperto
1178 827 1337 928 judicio,

355 949 1339 1054 peccatissuperbaeplebiscxigentibus,sicutignis‚ira

355 1075 425 1148 Dei
440 1073 686 1148 exardesceret
699 1076 739 1145 in
753 1072 810 1145 his
824 1071 1057 1171 regionibus,
1068 1073 1226 1146 maxime
1235 1077 1336 1148 Brac-

355 1199 516 1289 bateosi,
539 1195 754 1269 miserabilis
778 1195 888 1294 plaga
912 1195 1008 1268 facta
1028 1208 1080 1268 est
1101 1193 1336 1288 ardentium,

355 1323 396 1392 in
411 1319 548 1418 quibus
560 1316 847 1416 restinguendis,
865 1319 906 1388 in
925 1317 1111 1417 plerisque
1129 1321 1167 1390 S.
1183 1319 1256 1392 Dei
1273 1343 1336 1418 ge-

357 1443 497 1514 nitricis
519 1439 695 1530 ecclesiis,
717 1455 754 1512 et
775 1441 932 1512 maxime
951 1443 1128 1532 Tornaci,
1160 1443 1233 1542 piis
1261 1445 1337 1542 ejus

357 1565 497 1636 meritis
510 1577 547 1634 et
559 1561 716 1658 gloriosa
732 1563 1007 1653 intercessione,
1024 1562 1120 1638 facta
1134 1577 1225 1637 sunt
1238 1589 1336 1664 pras-

358 1685 456 1758 clara
473 1684 664 1758 miracula.
683 1689 789 1758 Tunc
803 1711 845 1758 ex
861 1683 1012 1758 diversis
1030 1699 1136 1760 terrae
1150 1689 1333 1786 partibus,

358 1833 436 1882 non
451 1806 572 1880 solum
585 1809 735 1898 vicinis,
749 1807 814 1880 sed
830 1821 867 1881 et
883 1809 992 1906 longe
1010 1810 1155 1908 positis,
1174 1823 1213 1883 et
1226 1814 1335 1884 ctiam

360 1931 633 2019 transmarinis,
650 1929 754 2027 plebs
768 1929 1048 2002 innumerabilis
1065 1932 1262 2029 utriusque
1282 1957 1337 2005 se-

356 2078 422 2128 xus
434 2051 484 2126 ad
491 2051 680 2126 ecclesiam
687 2057 955 2124 Tornacensem
963 2051 1330 2152 confluebatpavida.

358 2177 453 2248 Nam
471 2172 574 2275 quod
595 2173 642 2246 de
661 2174 781 2247 aliena
801 2199 911 2248 carne
930 2170 1100 2266 videbat,
1123 2172 1196 2247 hoc
1218 2202 1336 2250 unus-

356 2301 513 2400 quisque
526 2300 614 2370 inse
629 2296 710 2372 fieri
724 2273 891 2398 pendulo
911 2295 1022 2370 corde
1041 2297 1252 2372 verebatur.
1272 2303 1335 2372 ln-

357 2421 540 2494 trantibus
558 2445 646 2492 vero
665 2423 781 2520 ipsam
804 2419 1012 2512 ecclesiam,
1037 2419 1187 2519 plenam
1205 2425 1335 2524 utiquc

354 2541 636 2639 languentibus,
652 2555 782 2642 stupor
798 2545 927 2641 ingens
941 2559 978 2616 et
996 2541 1254 2619 lachrimabile
1273 2545 1333 2618 fie-

355 2664 421 2738 bat
433 2665 698 2764 spectaculum,
711 2691 860 2740 oerncre
873 2667 1009 2740 scilicet
1024 2667 1113 2740 alios
1126 2665 1333 2740 miserando

356 2790 498 2886 gemitu
525 2791 730 2885 rugientes,
762 2786 887 2861 adhuc
917 2788 1026 2887 plaga
1055 2791 1149 2888 ignis
1176 2793 1334 2890 graviter

357 2913 527 2982 cruciari.
559 2911 728 2982 Aliorum
759 2935 846 2985 vcro
882 2909 1049 3010 pedum,
1085 2912 1332 3013 quorumdam

356 3045 481 3104 autern
507 3031 702 3124 tibiarum,
724 3030 903 3132 usquead
918 3059 1060 3132 genua,
1075 3035 1268 3136 velaeque
1289 3032 1331 3106 ad

356 3177 462 3227 coxas
488 3156 714 3253 consumptis
738 3153 911 3228 carnibus
935 3179 1014 3230 ossa
1033 3155 1138 3230 arida
1150 3156 1329 3258 pendcrc;

355 3273 537 3374 quosdam
552 3289 675 3348 autem
685 3278 764 3375 jam
778 3277 954 3350 extinctos
969 3277 1070 3350 velut
1084 3291 1248 3370 truncos,
1261 3277 1332 3352 huc

355 3395 518 3498 illucque
530 3401 652 3498 jacere
669 3413 705 3471 ct
723 3423 906 3498 nusquam
923 3403 993 3473 nisi
1010 3415 1173 3502 portatos
1187 3426 1329 3502 progre-

356 3519 400 3621 di
410 3521 545 3595 valere.
561 3521 632 3594 Sed
646 3521 692 3593 de
709 3520 766 3596 hit
782 3548 852 3622 pro
870 3536 1035 3623 tempore
1044 3528 1123 3626 jam
1143 3529 1229 3600 satis
1252 3525 1330 3599 dic·

356 3654 457 3733 tum,
476 3646 644 3741 quamvis
658 3669 727 3744 pro
741 3641 811 3717 lrac
823 3643 882 3720 vel
899 3645 971 3718 alia
986 3663 1104 3746 peste,
1126 3673 1271 3749 semper
1297 3659 1330 3719 ct

354 3762 495 3863 ubique
509 3765 771 3862 metuendum,
788 3779 825 3841 et
837 3767 965 3842 divina
977 3769 1120 3872 judicia
1137 3771 1245 3844 nobis
1263 3774 1330 3871 ju·

356 3889 450 3985 giter
463 3890 656 3962 imminere
669 3893 716 3963 sit
729 3889 971 3966 credendum.

397 4007 540 4088 Eodem
572 4026 756 4114 tempore,
786 4015 922 4090 mulier
941 4015 1132 4117 quadam,
1153 4015 1329 4117 praedicto
