2906 4970
419 555 475 609 534
716 557 835 602 cuaou.
853 556 931 603 cau.
954 549 996 600 ur
1016 556 1093 601 aaa.

753 819 911 999 tlop.
967 864 1068 942 rx.

412 1136 593 1180 HETBERTUS
621 1135 777 1176 EPIBCOFUS
800 1133 1053 1176 cassaturum
1074 1133 1300 1176 stuatosum
1318 1131 1364 1172 Ml

437 1217 581 1258 acclamo
590 1214 846 1256 mauutuucotu:
861 1215 1005 1259 JOANNES,
1014 1215 1119 1256 vrum
1130 1216 1163 1254 ΒΕ
1179 1216 1216 1254 u
1229 1211 1361 1253 amam.

438 1295 470 1336 IN
487 1293 660 1333 massulos
679 1293 699 1332 Α
717 1293 879 1337 arenulas,
898 1293 955 1332 PER
969 1293 1029 1332 lffl'.
1045 1292 1185 1334 COMTUR
1203 1291 1291 1332 cut
1305 1287 1365 1328 mt-

438 1373 536 1412 BERTO
552 1369 730 1412 IMPETMRE.

413 1545 623 1657 Porrrrex
638 1603 748 1670 vero,
766 1583 882 1676 ejecto
906 1577 1096 1670 Johanne,
1125 1601 1321 1678 praecavens
1336 1577 1364 1644 in

413 1701 587 1774 futurum
622 1714 659 1772 et
692 1701 823 1772 timens
856 1726 903 1772 ne
933 1699 991 1772 vel
1015 1701 1076 1773 ille
1097 1699 1296 1790 Johannes,
1321 1695 1364 1770 rel

414 1824 570 1925 quilibet
593 1837 771 1920 tyrannus
795 1821 885 1895 huic
902 1823 1029 1924 similis
1054 1826 1094 1894 in
1123 1823 1363 1896 castellaturam

414 1947 538 2040 illam,
562 1959 626 2018 aut
646 1947 683 2018 vi
703 1957 767 2015 aut
782 1946 930 2040 ingenio
947 1946 1114 2036 intraret,
1134 1959 1170 2016 et
1186 1946 1364 2044 posteajus·

413 2084 472 2144 tus
497 2063 637 2160 haeres,
658 2093 739 2140 eam
762 2079 949 2165 repetens,
975 2064 1063 2138 inde
1086 2067 1211 2140 turbas
1232 2067 1362 2150 faceret,

412 2193 512 2266 ultro
531 2195 729 2291 Hugonem
746 2189 914 2260 Gualteri
932 2189 1118 2261 castellani
1134 2189 1294 2262 defuncti
1313 2212 1363 2259 ns·

412 2331 558 2416 potem,
577 2341 620 2386 eo
634 2312 737 2414 quod
750 2312 934 2410 legitimus
948 2309 1064 2384 haeres
1084 2325 1180 2405 erat,
1204 2311 1362 2399 adscivit,

412 2441 520 2538 eique
541 2437 809 2510 castellaturam
831 2435 933 2508 illam
948 2439 1137 2510 concessit.
1158 2440 1205 2508 Et
1219 2439 1299 2536 quia
1318 2435 1365 2505 iste

415 2563 526 2660 Hugo
542 2559 666 2632 adhuc
682 2585 776 2660 puer
791 2574 889 2652 erat,
913 2558 976 2634 sed
1000 2562 1254 2660 propinquum
1272 2580 1366 2658 quen-

415 2680 524 2774 dam,
542 2681 732 2756 Ansellum
747 2684 918 2774 nomine,
935 2683 1101 2756 moribus
1115 2697 1151 2756 et
1165 2686 1272 2756 armis
1284 2704 1365 2777 egre-

413 2809 517 2905 gium
531 2805 711 2896 habebat,
730 2805 843 2904 hujus
859 2803 1034 2878 custodiae
1049 2831 1210 2906 puerum
1224 2829 1301 2878 cum
1313 2802 1364 2873 bo-

413 2953 464 3000 no
483 2933 561 3026 ejus
582 2929 781 3020 commisit,
804 2953 916 3026 quem
936 2927 1103 3002 Ansellus
1124 2928 1187 3002 ille
1208 2919 1363 3028 usquead

353 3081 356 3087 ⁴
413 3049 642 3150 praefinitum
656 3064 814 3150 tempus,
833 3052 973 3148 optime
988 3065 1024 3122 et
1038 3050 1197 3125 fideliter
1214 3047 1364 3126 rexitlo-

414 3169 555 3245 hannes
576 3175 690 3271 igitur
716 3173 970 3266 castellatura,
993 3199 1106 3273 quam
1127 3176 1260 3272 injuste
1277 3193 1364 3242 usur-

412 3308 581 3394 paverat,
601 3299 786 3395 privatus,
804 3296 1094 3397 necquidquam
1107 3295 1197 3368 mali
1218 3293 1363 3370 adversus

412 3419 627 3516 episcopum
644 3417 801 3517 proinde
817 3443 1042 3518 praesumens
1062 3417 1178 3492 facere
1201 3412 1364 3518 (prohibi-

413 3553 470 3611 tus
489 3543 588 3612 enim
601 3555 679 3613 erat
700 3568 722 3614 a
745 3542 899 3640 comite)
917 3545 1039 3642 ipsum
1057 3543 1229 3614 comitem
1245 3533 1364 3610 Baldui·

414 3689 527 3756 num‚
545 3667 650 3764 eujus
670 3665 779 3762 ligius
800 3665 902 3738 miles
924 3681 1020 3756 erat,
1045 3663 1259 3763 dereliquit,
1280 3651 1363 3732 etad

414 3789 673 3886 imperatorem
689 3791 943 3862 Romanorum
960 3792 1008 3861 H.
1024 3815 1062 3862 se
1078 3787 1252 3878 contulit,
1273 3801 1362 3884 quem

412 3909 548 3983 sciebat
562 3925 652 3983 tunc
671 3913 846 4011 temporis
866 3903 1061 3985 inimicum
1081 3936 1154 3986 esse
1173 3900 1363 3982 Flaudreusi

414 4035 552 4104 comiti.
570 4035 689 4134 Hujus
705 4033 857 4133 quidem
872 4036 975 4108 miles
989 4033 1154 4128 effectus,
1171 4035 1280 4106 sciens
1294 4025 1363 4126 qula
