2906 4970
380 565 437 620 298
682 573 800 622 onnon.
820 573 899 620 CAH
918 573 962 619 ΕΤ
982 571 1058 618 Arta.

383 671 503 682 -n—

380 737 424 810 lis
439 737 590 812 Walteri
604 740 757 810 minime
773 731 938 814 feriatur.
957 741 1059 809 luter
1078 761 1164 836 quae
1180 737 1336 840 plurima,

377 861 554 959 juvenem
570 887 680 934 auum
702 859 910 964 quendam,
926 859 1155 936 ,norbertum
1178 863 1336 954 nomine,

252 1009 257 1022 ·
383 996 457 1056 tam
473 984 665 1058 nobilitate
677 988 831 1084 generis,
841 971 1098 1086 quamvirtute
1110 999 1336 1083 praeeuntem,

383 1107 469 1204 quia
484 1111 912 1207 suspicabatureumsuaa
922 1107 1111 1206 tyrannidi
1120 1107 1337 1200 obstiturum,

296 1317 306 1334 ὓ
383 1232 497 1328 eoepit
511 1232 691 1329 paulatim
705 1232 792 1306 odio
807 1233 989 1308 insectari.
1008 1229 1079 1303 Sed
1094 1255 1171 1302 non
1189 1233 1314 1332 quievit
1329 1281 1338 1322 ,

384 1349 503 1426 donec
513 1377 619 1447 eum,
636 1358 804 1454 quamvis
818 1353 887 1428 suh
902 1352 1198 1454 interpellatione
1212 1355 1257 1426 D.
1270 1377 1342 1453 pou·

1430 978 1438 1262 l

1430 1456 1435 1495 l

386 1473 509 1568 tifieia,
540 1481 605 1576 qui
634 1501 694 1574 eos
719 1477 901 1552 foederare
928 1476 1139 1578 quaerebat,
1168 1480 1206 1548 in
1231 1477 1340 1550 tribuit
1431 1500 1435 1519 ·

386 1598 567 1694 positum,
586 1601 695 1672 etiam
711 1599 771 1672 die
784 1601 980 1674 Dominiea
993 1599 1188 1672 interiecit.
1203 1603 1270 1672 Pro
1281 1621 1341 1698 qua

387 1743 446 1811 re,
466 1735 502 1791 et
516 1721 595 1793 aliis
612 1721 701 1796 huia
714 1724 915 1815 similibus,
933 1749 1019 1800 eum
1041 1725 1290 1798 exterminavit
1304 1721 1340 1794 ab

386 1842 490 1916 urbe.
511 1843 582 1917 Sed
599 1847 829 1946 paulopost,
848 1849 968 1946 culpis
986 1846 1269 1920 christianorum
1286 1847 1341 1917 exi·

385 1965 581 2061 gentibus,
618 1970 839 2067 imperatore
873 1968 1069 2060 defuncto,
1100 1967 1181 2042 aliia
1211 1966 1340 2067 quidem

385 2089 502 2160 cauria
519 2103 685 2182 coaetus,
703 2092 742 2165 in
758 2085 949 2163 castellum
966 2091 1129 2188 recipere
1150 2091 1339 2178 aeatimavit,

384 2207 454 2280 aab
468 2211 712 2283 conventione
727 2225 850 2284 tamen
865 2223 1093 2284 sacramento
1109 2204 1340 2284 inbuimsd
1432 2242 1433 2320 ᾗ

385 2335 474 2430 quia
494 2335 690 2432 saepissima
717 2337 926 2435 perjurium
942 2331 1139 2426 incidens,
1170 2357 1246 2407 non
1273 2351 1340 2406 raro

386 2455 511 2554 eulpae
525 2457 647 2530 solitas
664 2457 837 2551 iterabat,
859 2459 1121 2530 conventiones
1138 2455 1219 2532 illae
1239 2454 1341 2555 sepit-
1429 2433 1433 2490 *Ν

386 2579 514 2670 aimus,
532 2603 622 2677 quaa
638 2580 686 2652 D.
710 2583 901 2681 episcopo,
926 2578 1018 2652 dum
1041 2581 1339 2664 reoouoiliaretur,
1428 2614 1432 2661 i

387 2699 518 2773 callide
533 2703 792 2802 promittebat,
812 2717 934 2776 ratum
949 2701 1122 2776 duximus
1142 2703 1340 2776 subnecten-

388 2819 471 2915 dae,
489 2839 532 2896 ut
547 2823 663 2898 lector
678 2825 846 2900 videlieet
863 2828 964 2927 piua,
988 2828 1205 2925 patientiam
1224 2825 1340 2924 episeo-

386 2945 427 3042 pi
445 2949 672 3044 compatione
686 2946 909 3041 admiretur,
926 2961 962 3020 et
979 2951 1196 3028 immensam
1217 2941 1339 3044 tyranni

388 3068 565 3139 saevitiam
579 3095 665 3142 eum
681 3069 925 3152 admiratione
940 3069 1120 3171 deploret.
1137 3073 1228 3144 Sunt
1240 3077 1339 3140 auten

389 3185 618 3296 hujusmodi.
656 3199 661 3210 “

682 3373 845 3558 OEap,
900 3411 1090 3492 xxxv.

428 3659 529 3700 vom
546 3659 732 3701 rmfflrms
748 3658 829 3710 Queat
844 3657 1007 3699 WAb'l'flllll!
1025 3657 1166 3700 ΒΡΙΙΟθΡθ
1180 3649 1308 3697 namt·

388 3815 614 3936 Froearrareu
628 3875 772 3937 sicuttibi
787 3875 913 3957 promisi
932 3873 1112 3950 adtendam,
1129 3869 1270 3957 quamdiu
1286 3877 1339 3926 tuus

385 3980 483 4057 luero,
494 3995 523 4043 et
533 3995 585 4043 tua
597 3981 678 4043 bona
691 3996 827 4054 tenuero,
837 3997 867 4043 et
881 3983 1052 4070 postpositis
1062 3979 1252 4041 llarlensibua
1261 3981 1340 4034 aaut*

385 4085 473 4160 neiis,
489 4086 583 4150 talem
593 4085 744 4149 bonorem
758 4085 815 4152 tibi
825 4084 995 4152 observabo
1007 4131 1015 4161 ,
1028 4083 1154 4168 qualem
1162 4077 1340 4148 laumense
