2906 4970
482 613 485 620 ,
534 570 626 616 crasa
640 569 790 616 neurius.
1093 563 1150 619 288

1011 659 1147 672 ——t—

169 731 226 794 sed
238 753 292 794 ros
305 735 457 813 scripture
468 731 669 804 submittatis;
680 752 719 792 ne
728 735 820 794 nimis
830 733 961 796 amando
970 737 1151 814 seutentiam

169 849 314 912 effluam,
325 841 453 917 posteris
459 837 831 917 relinquatisoccasionem
841 840 1006 918 usurpandi
1014 841 1152 902 sacerdo·

170 943 226 1016 tii,
242 944 291 1004 cui
304 963 338 1002 re
348 962 422 1003 vera
432 939 572 1002 succedet
586 941 711 1000 euteria
725 940 889 1028 seditionis.
903 941 992 1004 Nihil
1002 947 1084 1006 enim
1093 944 1152 1008 de-

170 1045 312 1108 futurum
321 1045 524 1118 arbitramur,
539 1046 564 1104 si
578 1043 754 1124 hujusmodi
770 1065 842 1106 usus
852 1047 1030 1122 increverit,
1042 1063 1078 1109 ut
1090 1071 1152 1114 non

172 1151 260 1214 sedes
274 1149 407 1212 ecclesis
416 1148 536 1210 venales
549 1151 694 1224 existam,
714 1160 745 1209 et
757 1169 878 1210 summa
894 1149 1053 1213 sacerdotii
1068 1175 1153 1215 ruer-

172 1267 286 1318 cature
297 1251 486 1333 compendiis
496 1250 703 1328 venundetur,
716 1254 818 1333 sicque
829 1255 1009 1332 pecuniosus
1023 1241 1154 1340 quisque

105 1349 109 1354 ¹
169 1357 215 1420 ad
225 1358 349 1420 culmen
363 1355 519 1436 pastoralis
528 1357 682 1440 regiminis
699 1358 821 1438 aspiret.
845 1355 934 1434 Quod
953 1371 1056 1421 autem
1070 1365 1153 1424 cari-

170 1464 245 1524 tatis
255 1462 394 1523 fraterna
404 1460 510 1522 effectu
522 1460 609 1523 robis
622 1460 770 1539 dicimus,
782 1482 942 1542 precamur
952 1484 990 1526 ne
1000 1463 1153 1548 indignari
1249 1521 1253 1530 .

169 1566 320 1630 debeatis.
1073 1593 1078 1599 ·

471 1717 633 1903 iius.
688 1770 832 1849 xxv.

174 2038 214 2078 11!
235 2036 335 2078 ΕΑΒΕΙ
353 2039 392 2078 ΙΙ
408 2038 522 2078 suanm
540 2039 581 2078 AB
593 2038 753 2078 nunonem
769 2037 1022 2078 tucmurtsccrtm
1044 2039 1154 2079 uanu-

446 2117 516 2164 ffii,
529 2117 567 2158 N}
577 2117 613 2162 ,tu
626 2115 886 2156 succenseretur.

178 2318 283 2429 lesu
299 2353 346 2427 ad
361 2351 680 2452 archiepiscopum
697 2351 741 2422 E.
758 2353 823 2450 qui
842 2349 914 2427 hoc
929 2371 1157 2428 consenserat

176 2483 231 2552 ita
244 2478 388 2552 scribitz

228 2605 275 2672 Ε.
290 2599 540 2697 archiepiscopo
557 2599 602 2670 G.
619 2600 756 2672 nullius
770 2606 887 2692 meruti
902 2609 1129 2698 coepiscopus.
1160 2641 1164 2650 >

218 2724 372 2802 Quoniam
380 2722 534 2803 quandam
546 2722 716 2782 execranda
726 2726 929 2804 usurpationis
938 2727 1104 2786 novitatem
1112 2729 1160 2788 in-

174 2831 226 2891 ira
232 2829 385 2890 dioeccsim
395 2841 524 2888 vestram
535 2825 700 2888 coalescere
707 2826 892 2902 audivimus,
904 2829 1047 2891 videlicet
1055 2842 1089 2890 ut
1099 2851 1160 2894 uua

179 2933 307 2998 ecclesia
320 2931 397 2992 duos
407 2929 518 2992 babeat
532 2932 704 3010 episcopos,
718 2930 833 2992 etalter
854 2932 983 2996 alterum
1008 2934 1048 2994 ad
1072 2937 1161 2996 insti-

180 3036 330 3101 tuendum
343 3035 401 3098 sibi
411 3055 613 3098 successorem
623 3035 756 3096 liberum
766 3035 879 3098 babeat
888 3037 1048 3100 arbitrium
1058 3085 1067 3116 ,
1079 3041 1163 3122 quod
1183 3085 1187 3094 ‚

180 3164 253 3206 sane
267 3133 381 3204 nullius
391 3141 576 3202 auctoritatis
590 3153 706 3200 constat
715 3141 834 3220 pondus
844 3141 1004 3204 habuisses
1024 3143 1164 3217 videmur

179 3253 245 3330 iarn
259 3249 369 3310 intueri
383 3243 538 3326 quoddam
552 3246 638 3322 quasi
652 3233 809 3304 baratrum
827 3259 948 3324 putens,
971 3247 1009 3308 de
1030 3269 1092 3328 quo
1114 3249 1166 3310 fu-

182 3373 254 3414 mus
262 3357 430 3415 temeraria
449 3352 651 3431 usurpationis
662 3367 836 3427 erumpens,
849 3348 1166 3429 portenditquoddam

183 3455 354 3518 schismatis
364 3455 539 3518 incendium
550 3453 688 3532 futurum
699 3495 707 3526 ,
719 3471 774 3531 per
784 3449 884 3531 quod,
897 3451 1097 3516 subeuntibus
1106 3455 1167 3518 dis-

183 3559 287 3636 sidiis,
300 3558 424 3620 ecclesia
434 3581 453 3618 a
464 3579 524 3620 sure
538 3559 621 3638 pacis
632 3558 744 3616 unitate
760 3553 904 3616 solvatur.
921 3553 985 3618 Nos
999 3579 1071 3620 vero
1086 3581 1167 3641 quo-

179 3665 269 3726 niam
278 3661 400 3724 nullum
411 3683 466 3724 ros
475 3661 548 3722 huic
562 3663 715 3722 sententie
729 3659 893 3740 prebuisse
906 3681 1062 3724 assensum
1075 3664 1167 3728 audi·

186 3769 309 3842 rimus,
325 3764 657 3848 gratiasagimusDeo,
680 3763 719 3824 de
739 3767 824 3844 cujus
847 3765 905 3826 boc
930 3767 1018 3830 vobis
1040 3789 1167 3830 munere

187 3874 292 3947 venit,
307 3891 348 3930 ne
362 3890 416 3932 ros
426 3871 458 3930 in
468 3868 525 3929 boc
539 3869 672 3930 baresiae
686 3870 889 3950 praecipitium
909 3871 1083 3950 pertrahere
1098 3875 1168 3951 quis

186 3978 333 4058 potuerit.
349 3973 450 4052 Quare
464 3976 676 4054 paternitatem
689 3987 819 4035 vestram
841 3993 1084 4054 praemonemus,
1106 3975 1168 4038 ob-

187 4095 331 4144 testantes
344 4100 400 4163 per
415 4099 486 4142 etun
493 4082 546 4163 qui
555 4099 610 4142 uos
617 4091 749 4162 pastores
757 4077 921 4144 inecciesia
932 4097 996 4158 sua,
1006 4077 1075 4142 licet
1085 4079 1169 4143 iudi·
