2932 4974
343 530 629 545 unm-³⁶·

343 576 401 630 ffl
631 576 751 622 Gllllth.
770 575 850 622 CM.
870 578 912 622 ΕΤ
933 576 1011 623 ΛΤΒ.

571 915 584 924 ,ψ
647 747 838 994 ω,
893 863 995 938 ῃ,

650 1134 878 1184 ΒΕΩΟΜΙΔῦΤθ
895 1133 1020 1182 ΙᾸΝΔΤθ.

344 1315 440 1426 Esr
454 1348 580 1423 adhuc
599 1348 712 1420 homo
736 1351 775 1418 in
795 1349 1016 1424 monasterio
1038 1347 1216 1436 serviens,
1238 1346 1328 1416 Hil-

265 1495 268 1503 ’
345 1471 519 1550 debcrtus
532 1471 702 1560 nomine,
724 1492 835 1564 quem
854 1480 938 1564 post
957 1469 1106 1564 longam
1128 1465 1328 1562 aegritudi-

342 1617 444 1683 nem,
462 1591 600 1664 meritis
615 1591 731 1660 sancti
745 1589 814 1660 viri
828 1591 1044 1685 sospitatum
1052 1589 1321 1684 cognoscimus.

343 1713 414 1784 Hic
426 1714 605 1784 nimirum
618 1735 685 1807 per
702 1723 821 1797 totum
838 1709 912 1782 fere
926 1713 1014 1782 anni
1030 1699 1328 1798 circulum„nes-

346 1835 403 1906 cio
434 1834 538 1928 cujus
567 1833 708 1927 generis
744 1831 875 1902 morbo
906 1830 999 1904 adeo
1025 1831 1247 1926 angebatur,
1280 1845 1326 1902 ut

346 1955 506 2024 maxima
520 1967 624 2050 parte
641 1953 805 2048 corporis
819 1967 1064 2048 praemortua,
1081 1954 1177 2024 circa
1190 1949 1328 2026 huma-

344 2099 482 2148 norum
507 2098 644 2146 usuum
670 2071 793 2147 studia
820 2073 926 2145 nullo
949 2074 1070 2146 officio
1092 2074 1323 2170 fungeretur.

260 2268 261 2272 ,
346 2200 485 2294 Hujus,
515 2219 583 2294 pro
610 2197 840 2272 restitutione
867 2195 1012 2287 salutis,
1038 2208 1164 2294 pater,
1187 2198 1227 2265 in
1246 2195 1329 2268 fre-

347 2317 546 2414 quentibus
577 2313 806 2388 medicorum
831 2313 1158 2408 conductionibus,
1180 2317 1329 2414 portio-

347 2465 433 2510 nem
454 2462 529 2510 suse
551 2438 823 2528 saihstantiolae,
841 2437 982 2536 absque
1004 2439 1082 2510 ullo
1101 2423 1268 2535 profectu
1287 2465 1327 2510 se

345 2583 518 2656 erogasse,
537 2556 703 2648 dolebat,
729 2583 804 2634 nec
827 2557 919 2654 quid
939 2558 1146 2632 intenderet
1164 2563 1327 2656 reperire

344 2679 502 2770 splebat.
521 2682 565 2750 ln
579 2678 651 2752 hac
663 2680 789 2776 itaque
806 2679 1103 2754 maestificationis
1122 2679 1327 2776 perturba-

346 2805 446 2874 tione
460 2801 628 2892 sollicito,
648 2803 807 2875 occurrit
823 2801 1112 2876 tandemtanum
1123 2825 1166 2874 ac
1178 2799 1327 2872 salubre

346 2914 570 3012 consilium,
599 2935 643 2992 ut
669 2923 709 2990 B.
730 2919 901 2994 videlicet
924 2925 1118 3019 Gangeriei
1143 2935 1327 3020 expeteret

340 3040 566 3134 medicinale
580 3039 810 3138 suffragium:
827 3051 913 3114 sane
927 3042 992 3114 ubi
1008 3043 1147 3114 infirmi
1162 3067 1328 3141 persaepe

300 3187 302 3192 ·
345 3164 505 3237 solerent
521 3164 684 3260 accipere
697 3165 911 3254 sanitatem,
928 3164 1152 3260 inergumini
1167 3165 1324 3259 quique,

340 3286 418 3356 sive
432 3283 587 3357 lunatici
602 3283 861 3356 liberarentur.
881 3287 1009 3354 Statim
1032 3309 1120 3378 ergo
1140 3283 1238 3366 facta
1250 3281 1328 3355 de-

343 3403 578 3494 liberatione,
619 3419 797 3500 aegrotum
826 3403 996 3478 vehiculo
1016 3405 1247 3502 ,impositum
1278 3403 1329 3478 ad

345 3527 608 3596 monasterium
636 3525 791 3613 attulit,
826 3549 1041 3623 ponensque
1075 3537 1161 3596 ante
1197 3527 1330 3622 sepul·-

346 3643 496 3736 chrum,
513 3646 634 3740 ipsum
651 3643 802 3740 quidem
819 3649 849 3716 si
867 3646 976 3718 saluti
994 3643 1230 3736 redderetur,
1254 3647 1330 3718 ob-

345 3767 478 3862 sequiis
496 3765 694 3836 beatissimi
718 3769 913 3862 Gangetici
934 3770 1154 3865 inperpetuo
1178 3771 1332 3840 manci-

344 3887 511 3984 pandum
526 3887 686 3958 devovit.
709 3891 785 3959 Cur
805 3887 1010 3987 producam
1028 3890 1332 3962 sermunculum?

344 4007 542 4082 Paululum
564 4009 700 4108 jacuit,
730 4007 866 4085 divinoe
898 4009 1050 4088 medelae
1080 4007 1238 4108 adeptus
1275 4031 1334 4092 est
