3044 4968
1093 489 1379 508 ua*-

384 511 388 518 ’
408 535 464 590 tls
701 543 821 590 conos.
841 541 920 588 osu.
938 543 981 588 nr
999 538 1078 586 srn.

406 703 1385 807 RainerusatqueLantbertus,filiiyidelicetllaineri,

406 857 520 932 quem
536 834 682 906 vivente
704 830 828 906 adhuc
847 835 1067 932 imperatore
1089 826 1388 930 archiepiscopus

406 959 549 1049 Bruno,
566 957 631 1054 qui
648 955 716 1028 sub
731 954 842 1027 fratre
856 950 1110 1026 monarchiam
1127 951 1297 1046 tenebat,
1318 979 1385 1052 pro

407 1077 628 1170 insolentiis,
646 1103 716 1176 pro
730 1079 888 1177 rapinis,
905 1102 974 1178 pro
991 1075 1148 1149 ecclesiae
1163 1053 1386 1149 incussioni-

407 1199 496 1294 bus,
514 1226 583 1300 pro
600 1200 726 1272 multis
742 1202 854 1272 etiam
866 1198 1063 1273 sceleribus
1078 1223 1174 1298 saepe
1195 1197 1385 1296 arguendo

408 1323 634 1422 corrigebat,
652 1347 749 1422 saepe
759 1321 946 1396 beneficiis
957 1325 1034 1421 ejus
1044 1323 1221 1396 saevitiam
1232 1321 1385 1420 placan-

409 1444 480 1541 do,
496 1445 676 1520 leniebat:
694 1443 758 1518 sed
770 1471 855 1520 cum
870 1460 993 1518 tamen
1004 1447 1082 1543 ejus
1091 1445 1276 1526 feritatem
1289 1447 1385 1518 siria-

409 1571 484 1643 tico
494 1581 641 1667 turgore
649 1567 815 1640 inflatam
826 1568 932 1641 nullo
946 1565 1060 1640 modo
1073 1583 1385 1668 proemerepotue·

410 1694 478 1786 rit,
494 1693 534 1764 in
548 1689 656 1764 exilio
670 1690 821 1764 tandem
843 1703 1025 1790 perpetuo
1035 1687 1276 1782 damnatum,
1290 1691 1386 1765 fratri

411 1811 656 1908 contradidit,
676 1828 887 1913 terramque
905 1837 1008 1886 snam
1034 1814 1199 1914 primum
1219 1812 1388 1891 Richario

411 1939 528 2012 nobili
543 1939 642 2030 viro,
662 1935 726 2010 sed
741 1935 813 2012 boo
828 1935 1023 2029 defuncto,
1038 1937 1275 2018 Warneroet
1292 1940 1390 2034 nay-

410 2061 545 2154 naldo,
566 2061 702 2161 quibus
717 2063 826 2134 etiam
845 2058 1047 2153 defunctis,
1062 2057 1266 2136 Godcfrido
1285 2075 1388 2160 atque

411 2185 582 2280 Arnulfo,
596 2183 793 2260 comitibus
806 2184 1065 2276 nobilissimis,
1081 2183 1258 2276 contulit,
1281 2183 1390 2256 filios-
1476 2197 1477 2220 ³

412 2335 485 2410 que
493 2307 912 2408 ejuspraefatosapatriis
923 2306 1138 2406 linibuspro
1150 2305 1285 2380 eisdem
1292 2310 1391 2380 inso-

411 2431 763 2506 lentiiseliminavit:
786 2431 854 2524 illi,
873 2432 1042 2530 inquam,
1059 2430 1189 2504 audita
1203 2446 1322 2504 morte
1334 2433 1391 2502 im·

412 2557 610 2655 peratoris,
627 2553 886 2628 revocantibus
902 2553 1055 2654 quidem
1072 2553 1299 2655 quibusdam
1318 2579 1391 2627 sce-

413 2675 558 2772 lerosis,
585 2703 715 2778 pacem
740 2676 827 2752 odio
854 2676 1097 2774 habentibus,
1123 2678 1208 2754 filiis
1227 2677 1389 2754 videlicet

414 2801 546 2896 belial,
566 2805 704 2901 patrios
718 2801 808 2876 fines
825 2805 996 2901 regressi,
1020 2816 1155 2876 terram
1176 2805 1291 2904 patris
1312 2802 1388 2874 vio-

412 2921 533 2996 lenter
545 2925 706 2999 volentes
720 2940 902 3025 repetere,
917 2951 1028 3026 super
1041 2929 1210 3026 Hagnam
1220 2925 1385 3014 fluvium,

415 3057 575 3120 castrum
583 3044 724 3120 Bussud
737 3050 967 3142 munierunt,
984 3050 1110 3150 ibique
1125 3051 1210 3124 satis
1223 3063 1260 3122 et
1271 3071 1386 3148 super,

415 3163 508 3238 dum
524 3167 655 3268 liquit,
671 3173 882 3244 saevierunt.
898 3173 978 3244 Hoc
992 3187 1117 3246 autem
1127 3173 1276 3272 juvenis
1290 3173 1389 3268 impe·

414 3303 517 3362 rator
531 3289 702 3385 audiens,
727 3293 881 3368 collecto
902 3297 1063 3370 exercitu
1084 3295 1274 3368 castellum
1297 3291 1388 3365 obsi-
1473 3317 1474 3348 t

416 3409 528 3486 dione
546 3413 693 3508 clausit,
714 3415 848 3508 diruit,
867 3431 1065 3517 captosque
1086 3416 1238 3490 rebelles
1258 3419 1298 3488 in
1320 3413 1388 3485 exi-

416 3533 511 3606 lium
540 3539 652 3608 misit.
679 3537 738 3610 Ad
767 3538 864 3614 hanc
887 3544 998 3614 etiam
1018 3537 1249 3614 obsidionem
1268 3531 1389 3612 Tietdo
1472 3609 1473 3614 ,

416 3659 609 3757 episcopus
622 3661 801 3736 interfuit.
821 3665 885 3737 His
899 3668 950 3737 ita
963 3667 1088 3762 gestis,
1111 3663 1306 3762 praefatum
1320 3658 1388 3731 du·

419 3804 498 3852 cem
513 3783 808 3881 bajuvariorum,
826 3787 895 3882 illi,
912 3801 955 3859 nt
968 3785 1140 3878 diximus,
1157 3789 1384 3868 resistentem,

419 3929 505 3977 cum
519 3907 593 3980 suis
612 3905 738 3984 adiens
758 3914 911 4002 invasit,
933 3909 1017 4002 sed,
1041 3911 1204 3982 Domino
1224 3908 1386 3988 volente,

420 4027 590 4112 citissime
616 4032 776 4126 victum,
805 4047 841 4106 et
872 4031 919 4106 ad
949 4030 1178 4108 deditionem
1197 4043 1386 4133 paratum,

421 4149 577 4247 imperio
589 4152 812 4252 subjugavit.

1457 4469 1470 4896 l
