3088 4968
360 591 397 647 56
664 597 782 645 onnon.
802 595 880 644 ctu.
898 597 941 642 rr
957 595 1033 641 ern.

360 778 615 840 exercuerunt.
644 765 733 834 Erat
753 785 840 833 vero
868 763 906 830 in
933 756 1121 832 Melhodio
1150 771 1340 830 monaste·
1409 825 1414 836 ,

361 892 459 961 rium
488 912 509 957 a
541 888 581 955 Β.
610 879 829 980 Aldegunde
860 865 1132 970 constructum,
1162 877 1266 977 quod
1294 881 1336 950 Β.

362 1007 526 1109 pontifex
549 1009 588 1077 in
610 1005 751 1078 honore
771 1006 811 1074 Β.
839 1003 991 1098 virginis
1009 1001 1155 1091 Mariae,
1179 1013 1216 1071 et
1229 1025 1340 1074 sane-

364 1146 487 1203 torum
525 1129 775 1229 apostolorum
816 1135 1115 1216 consecraverat,
1164 1121 1342 1196 adhibitis

362 1279 485 1326 secum
496 1254 583 1324 viris
593 1251 768 1348 religiosis
778 1301 787 1340 ‚
796 1272 888 1345 quos
901 1247 986 1319 vitae
1001 1248 1113 1345 ipsius
1119 1243 1213 1320 liber
1221 1243 1342 1318 editus

364 1376 540 1447 insinuat.

684 1575 844 1757 bap.
895 1630 1035 1718 xlx.

639 1901 661 1938 Β.
677 1896 878 1938 VEDASTUM
897 1896 1069 1938 anfflr.

367 2073 580 2185 Arinrsro
608 2110 720 2200 etiarn
749 2105 959 2178 inhonore
988 2107 1029 2175 Β.
1064 2105 1133 2178 Dei
1161 2107 1349 2204 genitricis

366 2231 494 2303 Mariae
511 2231 659 2306 ecclesia
680 2223 801 2302 fuera't
823 2225 1010 2320 dedicata,
1037 2229 1076 2299 in
1101 2253 1175 2326 qua
1192 2227 1350 2327 pontifi-

368 2351 455 2424 calis
470 2353 581 2450 apicis
597 2349 753 2424 thronus
767 2347 988 2422 habebatur.
1009 2352 1052 2420 In
1067 2347 1137 2422 hac
1151 2353 1190 2420 B.
1210 2347 1351 2421 Vedas-

367 2485 446 2563 tus,
470 2475 575 2570 cujus
598 2497 710 2571 supra
733 2473 991 2564 meminimus,
1022 2469 1126 2542 haud
1146 2471 1278 2572 procul
1301 2470 1349 2544 ab

368 2592 495 2684 altari,
529 2619 632 2668 verso
660 2593 708 2665 ad
736 2591 932 2666 australem
951 2591 1100 2692 plagam
1123 2593 1349 2694 sepulchro,

369 2715 591 2814 quiescebat.
619 2715 797 2806 Quem'B.
822 2713 1045 2814 hotbertus,
1068 2709 1257 2812 designato
1281 2715 1352 2788 sibi
1468 2811 1473 2822 .

369 2835 416 2907 ab
443 2835 574 2934 angelo
598 2835 808 2908 aedificandi
839 2837 989 2907 oratorii
1009 2833 1111 2928 loce,
1136 2851 1172 2906 et
1195 2833 1354 2910 fundata

369 2957 540 3050 ecclesia,
561 2955 730 3029 adhibito
751 2982 874 3027 secum
893 2959 933 3026 Β.
954 2953 1190 3051 Audomaro,
1209 2959 1355 3032 Terna-

371 3079 494 3150 nensis
514 3079 616 3151 urhis
631 3083 824 3179 episcopo,
854 3077 1055 3148 transtulit.
1078 3079 1122 3151 In
1144 3105 1218 3178 qua
1236 3095 1354 3154 trans-

369 3201 530 3291 latione,
549 3198 649 3272 idem
667 3201 707 3271 B.
727 3196 982 3288 Audornarus,
1002 3222 1089 3270 cum
1107 3213 1197 3272 esset
1217 3227 1354 3296 caecus,

371 3337 562 3423 receptum
581 3323 709 3396 lumen
729 3319 1020 3423 parvipendens,
1044 3321 1212 3394 amissam
1231 3299 1355 3397 subito

373 3449 573 3519 caecitatem
596 3447 861 3544 reimpetravit.
892 3439 965 3514 Ubi
988 3441 1028 3514 in
1056 3447 1234 3518 memoria
1255 3471 1357 3546 prae-

374 3565 630 3638 sentis'saeculi
655 3567 804 3641 ecclesia
835 3577 976 3638 constat
997 3562 1122 3639 adhuc
1144 3569 1184 3638 in
1213 3567 1357 3641 honore

374 3687 416 3756 Β.
445 3685 614 3762 Authcrti
643 3702 864 3763 constructa.
889 3691 933 3759 In
959 3688 1042 3762 loco
1067 3716 1155 3764 vero
1177 3690 1358 3764 divinitus

340 3849 347 3858 ·
376 3803 565 3906 designato
585 3813 642 3883 vir
664 3811 819 3883 Domini
843 3815 1110 3886 monasterium
1131 3815 1355 3908 construxit,

376 3941 414 4002 et
428 3955 470 4002 cx
483 3931 593 4005 rebus
609 3933 682 4006 suis
699 3933 877 4027 ecclesie,
894 3936 934 4006 in
951 3959 1060 4007 usum
1077 3933 1356 4029 famulantium,

377 4075 446 4150 pro
464 4077 589 4130 rerum
611 4059 864 4158 oportunitate
889 4055 1055 4136 donavit.
1086 4063 1200 4161 Cujus
1223 4062 1276 4137 rei
1297 4081 1360 4134 se-
