2956 4966
424 581 496 636 ‚son
513 582 572 628 sss
589 555 806 629 susstinens.
1050 571 1107 628 5⁵⁸

131 763 243 824 vesque
258 787 267 817 ‚
293 764 312 804 o
325 742 370 804 lui
381 742 481 804 moult
494 741 533 804 de
544 741 730 817 chevaliers,
758 753 789 803 et
808 744 876 804 snisi
889 742 934 804 les
946 755 1046 806 rentes
1070 741 1110 806 de

129 845 316 930 l'evesquiet,
333 861 363 910 et
372 869 411 910 en
421 850 517 912 vivoit
528 847 825 930 oultrngeusement,
847 859 878 910 et
886 851 939 930 poi
955 851 1053 912 curoit
1066 847 1110 912 du

131 951 272 1036 domaige
286 952 325 1014 de
338 953 453 1036 l'lglise
467 966 498 1016 et
511 975 549 1016 ne
565 956 659 1018 vosist
678 975 732 1036 pas
746 974 807 1035 que
829 952 875 1016 ele
886 956 965 1016 euist
979 976 1021 1016 un
1034 955 1110 1018 boin

131 1079 272 1139 evesque.
296 1057 399 1137 Quam
419 1081 452 1120 ee
467 1062 565 1122 virent
578 1059 601 1120 li
615 1063 717 1122 nnemi
738 1059 777 1124 de
797 1059 937 1143 l'eglise,
965 1063 990 1121 si
1009 1060 1111 1124 forent

132 1161 231 1226 moult
252 1166 335 1244 esjoi.
349 1163 381 1226 Si
394 1177 481 1226 orent
496 1165 598 1228 consel
609 1164 785 1242 carambis,
812 1177 844 1228 et
866 1165 1032 1228 fremerent
1044 1188 1111 1228 cas-

133 1269 217 1330 rieux
237 1289 294 1350 por
308 1289 444 1352 apsesser
463 1269 495 1331 la
505 1269 574 1348 cite,
591 1283 675 1332 entre
690 1269 823 1353 lesquels
833 1293 876 1332 un
890 1270 1042 1334 chevalier
1057 1274 1111 1353 qui

133 1387 166 1435 ot
191 1395 266 1436 nom
289 1375 432 1438 Amouris
456 1398 494 1436 en
509 1377 544 1438 lit
558 1398 599 1438 un
619 1382 637 1438 ἒι
662 1377 772 1460 Gouy,
801 1389 832 1438 et
856 1377 1010 1439 Manassen
1035 1399 1078 1438 un
1092 1381 1111 1438 l

133 1478 280 1562 Rumilly.
295 1479 491 1542 Puisslerent
501 1480 531 1542 al
541 1495 628 1546 conte
640 1483 679 1544 de
692 1483 718 1544 F
718 1483 839 1546 landres
849 1483 977 1556 Robert,
991 1496 1021 1544 et
1033 1482 1112 1544 rele-

135 1586 243 1646 verent
255 1585 322 1646 leur
331 1598 411 1646 terre
425 1585 464 1648 de
475 1585 570 1648 lui...
584 1587 855 1671 Puisguerrierent
864 1589 894 1649 le
908 1597 973 1670 pn'is
987 1593 1004 1648 l
1025 1600 1113 1670 grant

131 1687 348 1754 lorche....»Si
359 1713 419 1773 que
433 1690 530 1754 lacios
537 1695 591 1774 qui
601 1693 713 1756 devant
720 1697 916 1775 avoitgueres
932 1695 971 1754 de
986 1693 1111 1777 langues

132 1807 163 1856 et
172 1793 211 1856 de
221 1795 366 1858 tenchons
376 1841 385 1872 ,
394 1797 543 1878 l’otapres
551 1797 683 1860 d'armes
692 1798 731 1860 de
747 1799 781 1860 lu
792 1811 822 1860 et
830 1797 958 1880 tl'espee,
967 1813 997 1862 et
1011 1804 1112 1883 gaste-

131 1915 201 1964 rent
212 1904 236 1962 si
251 1901 281 1962 le
295 1913 360 1983 pa'is
374 1908 467 1984 quel
486 1905 579 1983 poine
596 1903 818 1987 ydemoura-il
834 1903 975 1967 ehaniers
993 1909 1048 1988 qui
1068 1905 1112 1968 les

131 2019 226 2070 terres
236 2008 385 2071 cultivnst.
402 2036 416 2065 s

141 2175 144 2182 ,
172 2115 283 2176 ibertus
291 2137 393 2192 ᾳιιοφιι
408 2129 434 2176 el
444 2115 511 2178 Ado
525 2118 559 2178 de
571 2119 669 2180 Belen.
685 2145 718 2158 -
733 2117 918 2200 Carpentier,
934 2120 988 2200 qui
999 2117 1114 2180 &ordi-

130 2222 220 2282 naire
233 2241 273 2282 ne
286 2241 319 2282 se
335 2219 391 2282 fait
404 2241 458 2301 pas
473 2220 556 2282 laute
574 2220 613 2282 de
631 2219 840 2305 genealogies,
862 2229 912 2284 n'n
938 2221 1114 2285 mentionne'

129 2325 217 2388 nulle
238 2337 307 2407 port
326 2326 359 2386 ni
372 2323 473 2401 lbert,
491 2347 590 2388 neven
602 2326 642 2388 de
659 2327 798 2410 leveque
814 2315 948 2406 Gererd,
971 2330 1004 2390 ni
1025 2327 1114 2389 Adon

128 2429 173 2492 de
186 2429 290 2491 Belen.
306 2427 347 2491 Ge
360 2427 481 2492 dernier
497 2431 581 2491 tirnit
595 2451 664 2492 sens
680 2429 772 2493 doute
784 2453 839 2494 son
854 2454 928 2494 nom
944 2432 988 2495 du
1004 2431 1114 2518 village

130 2535 174 2598 de
188 2533 324 2610 Belloin,
339 2555 400 2595 arr.
419 2546 450 2596 et
463 2535 669 2596 canton-nord
681 2534 719 2598 de
734 2534 972 2615 Volenciennes,
987 2541 1006 2598 l
1024 2539 1042 2599 8
1056 2537 1110 2600 kil.

128 2641 173 2704 de
188 2654 264 2702 cette
280 2639 372 2716 ville,
391 2661 442 2702 sur
455 2637 485 2700 le
496 2653 623 2704 eournnt
639 2639 819 2725 d'llsveluy.
840 2643 888 2704 On
902 2655 1061 2720 retrouve,
1076 2665 1114 2706 en

127 2749 231 2824 1298,
247 2769 307 2809 une
318 2747 442 2808 Lievine
455 2746 494 2807 sle
506 2745 637 2822 Belloio,
654 2747 769 2808 femme
782 2747 821 2808 de
831 2745 977 2808 Godefroi
989 2747 1027 2808 de
1040 2747 1115 2810 Pos-

130 2853 237 2931 telles,
255 2873 446 2936 gouverneur
463 2851 626 2928 d’Arleux,
643 2865 673 2913 et
686 2871 755 2916 vers
770 2852 866 2929 1340,
882 2853 980 2935 Agnes
993 2851 1032 2916 de
1046 2851 1115 2916 Bel-

130 2960 217 3036 lain,
247 2961 301 3042 qui
329 2961 410 3020 avait
433 2957 544 3040 kpousl
569 2957 684 3020 Wetier
707 2957 747 3021 de
770 2957 879 3036 Croix,
907 2961 1055 3042 sepimine
1075 2959 1114 3024 de

131 3065 290 3128 Premont.

143 3231 147 3240 ,
174 3175 236 3234 Per
254 3169 450 3232 vaeoderiwm
464 3169 499 3229 de
512 3167 981 3231 Avesoisconcordnti.-Thie1ri
993 3169 1117 3234 d'Aves-

133 3299 208 3354 nes,
222 3275 272 3337 fils
282 3275 321 3337 de
336 3274 452 3335 Werrie
466 3271 496 3334 le
510 3271 629 3348 Burbu,
645 3283 691 3332 est
704 3291 804 3333 eonnu
819 3294 897 3352 pour
908 3276 993 3338 avoir
1007 3272 1115 3338 rotabli

131 3380 272 3465 l’abhsye
282 3380 321 3444 de
336 3380 471 3442 Liessies.

456 3527 640 3628 linoltus
662 3547 759 3611 1v—
775 3547 812 3610 v.

176 3715 264 3780 Nous
271 3737 309 3778 ne
319 3737 397 3779 nous
404 3715 691 3796 meteronspassur
699 3713 742 3774 les
749 3711 867 3789 details,
876 3711 1028 3774 dnilleurs
1037 3733 1117 3778 assez

135 3824 344 3906 dramatiques
359 3823 403 3885 du
421 3821 476 3884 ch.
498 3845 546 3884 iv.
568 3819 654 3882 Nous
674 3820 801 3881 loissons
817 3840 884 3880 sans
901 3820 1119 3880 commentaire

136 3952 172 3993 ce
197 3928 274 3995 reicit
298 3927 337 3990 de
362 3929 530 4011 possession
552 3939 583 3989 et
605 3925 807 4000 d'ohsession‚
831 3923 906 3985 dans
925 3921 1025 4004 lequel
1048 3921 1120 3984 l'oeil

137 4034 246 4099 exerce
260 4034 304 4096 du
317 4034 531 4118 physiologiste
547 4040 650 4093 n’aura
664 4052 718 4112 pas
731 4029 770 4092 de
788 4032 875 4111 peine
892 4033 910 4089 l
932 4029 1120 4089 reconnnitre

135 4141 224 4204 l'une
235 4141 273 4204 de
291 4163 340 4205 ees
361 4141 489 4225 pendes
506 4139 730 4223 pertinbntions
743 4155 903 4200 nerveuses
920 4156 980 4217 que
995 4134 1119 4216 produit
