3044 4968
510 557 603 602 mrr
619 557 750 603 ramus.
846 615 851 626 ³
1083 551 1121 604 93

141 717 383 816 ligerefaeiat.
400 718 548 813 Quodsi
560 732 596 790 et
609 742 694 788 eum
708 719 769 790 ille
784 718 1117 816 nequiveritadire‚

140 839 356 939 literaaipae
380 841 531 939 publice
556 819 738 910 eoram'ee
757 839 828 935 legi
850 839 957 911 saciat
978 845 1018 911 in
1037 842 1119 914 loeo

141 961 212 1036 ubi
230 963 438 1036 Balduinue
459 961 673 1056 religionem
696 963 873 1068 pervasit,
896 977 931 1032 et
950 959 1118 1062 deinceps

140 1087 217 1160 nisi
232 1085 448 1180 resipuerit,
464 1105 538 1153 non
552 1083 585 1154 ei
607 1081 665 1153 vel
686 1069 907 1172 menachus,
929 1083 987 1154 vel
1006 1107 1119 1156 cano-

139 1206 272 1294 nicus,
294 1205 351 1276 vel
369 1203 523 1301 quilibet
536 1206 606 1274 rite
626 1201 845 1278 christianus
861 1203 1087 1303 adjungatur
1108 1257 1118 1296 ,

136 1328 173 1396 'si
203 1350 289 1396 non·
308 1320 549 1396 anathematis
570 1325 720 1397 vinculo
741 1327 923 1424 implicari
942 1327 1114 1400 voluerit.

140 1449 181 1522 si
199 1446 323 1519 Hetilo
339 1471 486 1545 quoqpe
500 1444 547 1517 ad
562 1448 744 1518 civitatem
767 1448 980 1520 Atrabatem
1003 1474 1117 1520 vene-

140 1570 211 1660 rit,
221 1565 362 1642 Dodilo
372 1567 426 1638 illi
440 1551 626 1658 decurrat,
644 1581 685 1640 ut
697 1567 743 1640 de
757 1569 827 1641 bae
839 1595 879 1641 re
894 1569 995 1668 quod
1008 1593 1118 1667 agen-

140 1687 235 1760 ‹lum
250 1702 322 1778 eat,
339 1692 513 1762 canoniea
528 1715 699 1787 peragere
713 1693 872 1790 possint,
887 1705 923 1762 et
936 1690 1117 1789 quiequid

95 1817 99 1822 “
142 1809 230 1882 inde
242 1809 398 1882 fecerint
410 1811 523 1882 literis
540 1811 609 1882 eibi
626 1811 816 1907 significet.
833 1811 995 1882 Hetiloni
1018 1837 1118 1909 prae-
1246 1873 1250 1878 .

143 1932 214 2004 suli
236 1933 351 2004 literis
370 1931 544 2024 manda,
564 1946 607 2004 ut
620 1933 873 2032 proficiscatur
887 1959 972 2004 cum
995 1931 1119 2004 fideli-

143 2052 212 2127 bue
224 2057 322 2152 regie
335 2053 385 2126 ad
396 2045 629 2143 Atrebatem,
645 2078 753 2148 agens
766 2079 836 2149 pro
847 2077 957 2150 posse
964 2053 1067 2149 quod
1081 2057 1120 2124 in
1198 2091 1200 2100 v

146 2173 365 2274 alioseripto
386 2173 573 2272 agendum
585 2173 655 2244 eibi
666 2175 842 2268 repererit
861 2170 1118 2267 significatum.

146 2299 235 2371 ltern
249 2297 392 2396 probis
410 2321 494 2395 quae
508 2321 529 2366 a
544 2291 730 2366 Dodilone
745 2281 995 2366 cameracensi
1009 2297 1120 2392 patie-

145 2417 260 2492 batur
276 2423 467 2519 epbenpn,
483 2443 642 2492 asserens
659 2415 847 2514 quomodo
862 2442 930 2516 pro
944 2415 1124 2491 benefac-

148 2542 191 2612 tia
204 2542 251 2614 ab
270 2567 313 2614 ee
326 2543 396 2615 sibi
411 2540 675 2614 contumeliosa
691 2520 963 2631 retribuantur,
981 2539 1122 2613 adscis-

147 2687 308 2763 censque
339 2664 442 2736 bunc
478 2663 546 2734 eibi
581 2675 740 2752 testem,
776 2663 935 2758 qualiter
961 2661 1123 2734 eundem
1257 2693 1259 2698 ·

150 2783 375 2858 Dodilonem
391 2805 405 2874 ,’
431 2799 585 2882 paterno
629 2783 861 2880 simplicique
888 2783 1123 2879 benignitatis

155 2905 303 2997 affeetu,
318 2905 367 2979 ad
383 2909 526 3005 potiora
540 2883 767 3004 provexerat.
791 2901 862 2978 Sed
882 2918 918 2975 et
935 2903 1124 3003 quomedo
1210 2985 1216 2992 ,

155 3028 437 3116 Redutfus‚,vir
462 3027 633 3130 devotua,
663 3025 850 3100 abbatiam
876 3026 1065 3125 quandam
1085 3030 1124 3096 in

156 3147 265 3248 hujus
288 3149 468 3227 Hetilonit
487 3150 662 3250 parochia
680 3153 813 3242 eitam,
836 3153 1005 3224 Remensi
1023 3149 1128 3221 dele-

53 3333 63 3350 ,
157 3277 296 3366 gaverit
317 3275 494 3364 ecclesia,
516 3275 748 3345 committens
770 3271 880 3342 simul
902 3269 1023 3340 eidem
1043 3295 1129 3342 cor-

157 3419 226 3491 pus
240 3398 280 3466 Β.
302 3399 423 3469 Caliati
439 3417 546 3494 papae
562 3405 599 3464 et
619 3393 808 3487 martyria,
829 3387 931 3486 quod
953 3393 1131 3486 impetra·
1245 3445 1249 3462 .

158 3530 236 3589 tum
264 3545 287 3590 a
314 3521 481 3592 Romana
509 3513 691 3588 detulerat
724 3511 830 3584 urbe.
866 3513 1018 3583 lntimat
1044 3536 1131 3610 ergo
1258 3495 1279 3610 ι’

157 3641 315 3736 qualiter
327 3655 495 3739 precatus
510 3641 557 3710 eit
573 3635 814 3708 amicabiliter
836 3633 1030 3734 praefatum
1050 3635 1132 3706 Do·
1219 3721 1222 3728 .

157 3757 321 3835 dilenem
337 3761 385 3834 ad
397 3741 635 3834 Atrebatenae
648 3757 835 3832 castellum
852 3749 996 3848 venire,
1013 3771 1050 3828 et
1069 3761 1132 3827 in-

156 3881 201 3955 de
220 3888 379 3984 pignera
400 3884 542 3983 praelati
562 3881 733 3976 martyris
752 3879 957 3952 honorifice
977 3879 1129 3964 levare,
1250 3885 1252 3891 ’

156 4021 266 4107 atque
294 4033 411 4108 utque
436 4005 485 4082 ad
510 4003 724 4100 coenobium
748 4007 786 4100 δε
816 3999 985 4094 Quintini
1011 3993 1133 4070 dedu-
