2932 4974
363 511 420 568 204
662 515 782 564 ctmolt.
800 516 879 564 ΟΑΙ.
900 515 949 562 ΕΤ
960 513 1037 561 MR.

362 679 716 772 nutantes,culmine
728 675 1213 778 disrupto,plusaestimato,
1224 703 1342 778 usque

364 801 412 876 ad
426 803 551 876 locum
567 803 807 900 campanarii,
817 797 970 893 vastam,
989 827 1076 874 cum
1089 802 1208 872 nimio
1222 801 1342 898 frago-

365 949 421 1018 re,
443 939 581 996 traxere
597 925 760 996 ruinam.
776 926 859 1016 Quo
875 923 1019 1021 fragore
1036 921 1161 994 clerici
1174 947 1218 994 ac
1236 921 1319 995 laici
1329 945 1344 1014 ,·

366 1045 492 1146 pusilli
509 1057 545 1116 et
559 1047 683 1144 magni
697 1069 824 1118 omnes
840 1046 1008 1136 attoniti,
1030 1045 1153 1116 subito
1175 1041 1200 1116 a
1220 1043 1343 1116 domi-

366 1165 437 1238 bus
450 1165 668 1265 prosiliunt,
688 1191 730 1238 ae
752 1166 978 1238 imminentis
999 1166 1118 1236 ruinae
1135 1166 1351 1262 periculum.

369 1290 640 1386 conspicantes,
659 1287 775 1387 magis
788 1291 828 1360 in
842 1314 928 1362 caru
941 1289 1168 1386 campanarii
1188 1290 1341 1360 contris-

370 1423 510 1482 tantur.
538 1412 658 1510 Hujus
683 1413 783 1484 enim
805 1411 919 1484 moles
940 1435 1016 1508 quo
1036 1408 1190 1501 editior,
1216 1425 1254 1483 et
1273 1433 1342 1508 quo

370 1531 530 1630 amplius
542 1555 807 1630 campan-arum
821 1531 987 1632 pondere
997 1533 1238 1630 gravabatur,
1247 1546 1341 1604 tanto

371 1655 654 1752 promptiorem,
672 1653 737 1727 sed
748 1668 786 1726 et
797 1655 1002 1750 graviorem
1014 1653 1161 1724 ruinam
1175 1651 1343 1725 minaba-

373 1785 448 1846 tur.
462 1772 565 1848 Adeo
585 1779 721 1848 etenim
740 1779 780 1847 in
797 1777 984 1847 Orientem
1001 1799 1038 1846 se
1062 1776 1172 1847 vertit
1182 1771 1341 1872 pendula

373 1898 569 1993 gravitate,
582 1911 625 1970 ut
636 1895 935 1998 nemoaspiciens
944 1921 955 1988 ,
965 1891 1149 1995 jacturam
1160 1895 1262 1968 illius
1272 1919 1343 1994 pro

374 2018 478 2115 piore
494 2021 660 2116 periculo
675 2019 846 2094 dubitare
863 2021 1041 2119 potuerit,
1062 2017 1208 2119 Populo
1229 2029 1343 2090 autem

374 2145 555 2221 clamante
571 2158 608 2214 et
623 2145 693 2216 Dei
708 2139 995 2216 misericordiam
1013 2141 1245 2239 postulante,
1268 2161 1344 2212 mor

375 2271 515 2340 mirum
529 2269 568 2337 in
585 2265 760 2359 modum,
776 2267 933 2356 meritis,
949 2277 992 2335 ut
1006 2261 1211 2356 credimus,
1235 2275 1268 2335 et
1288 2264 1344 2332 in-

377 2389 592 2461 tercessione
618 2385 784 2482 gloriosae
803 2387 873 2456 Dei
892 2385 1038 2475 matris,
1059 2407 1236 2481 suspenso
1255 2405 1345 2482 pau-

376 2507 498 2580 lulum
521 2531 623 2597 casu,
648 2508 688 2575 in
709 2508 891 2578 erectione
910 2504 1121 2593 reducitur,
1143 2518 1345 2602 tectumque

377 2627 564 2727 reliquum
592 2641 751 2700 cessante
793 2627 920 2699 fusura
938 2677 952 2718 ,
997 2623 1196 2698 solidatur.¹
1221 2625 1343 2697 Trabes

368 2773 466 2847 ,vero
480 2749 527 2822 de
539 2749 791 2847 superioribus
814 2746 979 2821 aedificiis
999 2745 1208 2840 divellitur,
1233 2759 1269 2820 et
1287 2771 1345 2817 su-

379 2899 447 2973 per
463 2897 580 2945 cornu
597 2871 720 2943 altaris
733 2873 768 2942 S.
785 2873 933 2964 Mariae,
956 2867 1059 2970 quod
1080 2871 1273 2969 episcopus
1292 2869 1346 2940 in·-

381 2981 521 3066 lactum
536 3017 684 3066 manere
696 2995 885 3093 precepit,
902 3016 1012 3065 omne
1025 2993 1259 3064 comminuit.
1274 2993 1345 3082 Quo

381 3113 481 3206 fuso,
514 3117 668 3214 pignera
689 3103 921 3208 sanctorum,
944 3141 1028 3214 quae
1049 3114 1137 3186 olim
1162 3116 1202 3186 in
1224 3136 1346 3186 eonse-

382 3222 543 3336 'oratione
557 3239 670 3336 ipsius
684 3239 807 3314 altaris
819 3241 938 3339 posita
950 3237 1109 3330 fuerant,
1119 3235 1248 3312 divino
1262 3246 1345 3308 nutu

381 3355 493 3435 illaesa
505 3362 755 3458 reperiuntur.

699 3535 866 3720 dap.
924 3586 1012 3718 111·
1075 3677 1080 3690 ,
1148 3675 1153 3685 .

606 3785 644 3828 ΒΕ
656 3786 774 3830 ffl'ffl
786 3787 918 3832 EPISCOPI
930 3787 1135 3830 montellum.

383 3933 493 4046 leuc
530 3972 641 4048 etiam
675 3970 861 4053 modernis
891 3970 1022 4086 diebus
1036 4021 1048 4073 ,
1063 3971 1346 4050 Elbertusirater
