3088 4968
374 536 411 594 ss
676 547 795 598 onnon.
815 549 893 595 cau.
912 551 954 594 nr
973 551 1047 594 arn.
1086 529 1095 544 “

372 715 510 812 paratis
540 715 709 807 viaticis,
738 713 919 814 proficisci
948 717 1109 789 Romam
1146 713 1207 788 ad
1247 717 1392 792 limina

373 835 625 934 apostolorum
645 863 715 937 pro
735 837 947 938 recipienda
969 838 1087 910 salute
1108 835 1386 940 disposuerat.

372 959 487 1030 Nocte
507 962 622 1060 igitur
635 987 677 1034 ea
698 985 771 1061 qua
785 964 968 1062 sequentis
987 959 1061 1032 diei
1080 985 1211 1036 mane
1226 961 1389 1062 profec-

372 1082 482 1154 tionis
504 1085 573 1154 iter
590 1098 801 1182 paraverat,
824 1082 1001 1156 divini-tus
1025 1099 1317 1159 commonetur
1341 1103 1385 1160 ut

372 1193 421 1276 ad
455 1203 694 1304 sepulchrum
730 1209 771 1278 Β.
795 1203 1005 1279 Vindiciani
1039 1231 1131 1278 cnm
1175 1207 1384 1282 oblatione

372 1353 439 1400 soa
456 1343 686 1426 properaret,
706 1330 759 1402 ibi
779 1341 914 1429 optatae
933 1330 1026 1402 lucis
1045 1335 1294 1406 commercia
1317 1357 1382 1405 re·-

371 1465 537 1551 ce'ptnra.
553 1456 666 1526 Facto
685 1451 1066 1551 itaque'crepusoulo,
1088 1468 1289 1554 carpento
1310 1481 1377 1527 su-

371 1575 629 1673 perimposita,
646 1588 689 1647 ut
702 1577 843 1648 monita
854 1574 993 1666 fuerat,
1005 1573 1186 1673 explevit.
1205 1579 1376 1649 Veniens

371 1699 487 1793 igitur
500 1695 548 1768 ad
564 1697 752 1770 tumulum
767 1699 837 1770 viri
850 1697 939 1789 Dei,
955 1721 1040 1768 mox
1053 1709 1096 1767 ut
1113 1709 1266 1770 terram
1282 1723 1374 1773 ocu-

372 1818 417 1890 lis
431 1821 570 1917 attigit,
593 1823 711 1919 aperti
729 1834 816 1893 sunt
834 1819 932 1894 oculi
951 1821 1035 1918 ejus
1057 1822 1170 1896 etsie
1193 1821 1371 1924 gaudens

375 1940 485 2015 rediit
499 1941 547 2015 ad
563 1945 728 2043 propria.

631 2119 792 2304 (liat).
843 2177 1066 2256 xxx111.

376 2397 469 2438 uum
483 2398 616 2439 nn'zltsls
630 2395 823 2438 (mutilamus
836 2395 926 2435 nm
937 2393 1026 2441 SUNT,
1038 2393 1117 2446 QUOD
1127 2397 1281 2441 murnum
1294 2395 1363 2438 tm

771 2475 956 2518 nonarum..
1509 2461 1511 2548 j

374 2636 575 2748 flunntco
602 2688 726 2748 autem
755 2669 945 2774 quondam
976 2674 1227 2772 imperatore,
1268 2674 1356 2746 ortis

374 2798 623 2873 simultatibus
639 2801 736 2870 inter
756 2793 981 2870 Balduinum
1002 2809 1038 2870 et
1058 2797 1265 2870 Arnulfum
1289 2819 1356 2868 co-

374 2922 522 3012 mitem,
538 2919 741 2993 Baldninus
755 2917 906 2992 collecta
913 2943 1028 2992 manu
1034 2915 1254 3012 Amulium,
1267 2917 1355 3018 quia

374 3067 532 3129 numero
560 3041 712 3116 inferior
742 3055 839 3130 erat,
873 3068 895 3113 a
926 3040 1151 3114 Valentianis
1180 3040 1349 3142 expulit:

374 3165 478 3266 quod
498 3165 650 3266 quidem
668 3181 828 3240 castrum
848 3166 1004 3264 imperio
1025 3163 1190 3236 Heinrici
1219 3163 1350 3260 snbju-

372 3303 500 3387 gatum
513 3289 647 3363 fuerat.
664 3285 880 3389 indignatus
894 3289 1095 3386 imperator
1108 3309 1234 3358 rerum
1249 3287 1351 3356 inso-

372 3413 512 3508 lentia,
542 3427 701 3488 castrum
728 3428 764 3487 et
790 3416 868 3512 ipse
896 3409 1088 3484 obsidione
1118 3407 1259 3480 clausit.
1292 3401 1348 3478 Ad

374 3535 478 3609 hunc
508 3537 729 3628 Rotbertus,
759 3541 988 3608 Francorum
1013 3557 1101 3622 rex,
1126 3526 1348 3604 innovandae

375 3659 545 3731 amicitiae
560 3661 696 3755 gratia,
725 3656 788 3730 sed
805 3671 841 3728 et
860 3631 1085 3745 Richardus,
1101 3653 1347 3750 Rotomagen-

374 3783 470 3854 sium
497 3779 592 3873 dux,
623 3805 708 3854 cum
730 3779 877 3853 infinita
905 3774 1144 3850 multitudine
1166 3797 1345 3859 convene-¹

375 3918 477 3976 runt.
508 3905 606 3975 Gens
635 3905 714 4002 ipsa
743 3899 844 3976 ferox
874 3915 910 3974 et
944 3900 1087 3998 inquiet
1121 3910 1158 3968 et
1188 3896 1344 3970 avaritiae

376 4027 505 4100 studiis
525 4029 687 4122 fervens,
707 4051 775 4101 nec
797 4025 961 4102 ecclesias
981 4022 1050 4098 Dei
1079 4011 1261 4096 immunes
1287 4041 1345 4089 re-
