2906 4970
376 541 566 558 Η

380 581 439 636 m
676 587 795 633 nuncu.
816 585 895 630 cen.
918 587 961 629 ss
979 582 1056 627 Aru.

380 766 479 816 totum
493 755 561 815 vitre
575 773 635 814 suae
649 755 781 832 spatium
796 753 828 812 in
842 752 942 832 pruris
957 745 1073 809 notibus
1087 757 1333 820 consummantes,

380 856 582 918 etadrersum
592 869 725 922 sanctam
735 855 792 918 Dei
805 852 963 919 ecelesiam
973 871 1084 918 vesum
1093 851 1197 913 furore
1207 852 1334 911 intumes-

381 974 481 1024 centes
493 981 688 1044 nequequam
701 982 720 1021 a
734 979 794 1022 suae
817 957 941 1021 malitie
967 958 1125 1038 proposito
1149 973 1334 1017 mansuescere

378 1077 561 1148 potuerunt,
577 1065 631 1127 sed
643 1087 700 1127 nec
713 1063 777 1126 ulla
790 1084 894 1126 rerum
908 1064 1122 1138 conversione,
1138 1063 1229 1123 etiarn
1242 1061 1334 1139 inipso

379 1187 440 1230 suae
455 1171 522 1229 vitae
537 1171 638 1242 exitu,
660 1167 756 1230 ullam
777 1167 974 1247 poenitudinis
993 1167 1211 1228 correctionem
1222 1175 1333 1247 pruten-

379 1271 505 1345 dentes,
519 1269 652 1332 indurati
665 1314 674 1346 ,
690 1282 720 1330 et
733 1271 1004 1346 excommunicati,
1020 1289 1092 1330 cum
1105 1271 1171 1348 ipss
1184 1289 1275 1350 prere
1287 1287 1333 1330 ro-

377 1374 502 1438 luntatis
515 1375 681 1434 intentione
695 1373 788 1433 finem
808 1373 876 1433 vitae
897 1385 1094 1452 acceperunt,
1110 1385 1141 1432 et
1150 1375 1228 1452 justo
1239 1371 1331 1451 judicio

377 1490 512 1542 ssanctae
524 1480 629 1538 matris
638 1479 755 1559 gremio
766 1476 896 1553 exclusi,
909 1489 939 1538 et
953 1474 1096 1536 fidelibus
1120 1475 1224 1537 debito
1239 1477 1329 1556 prireu'

377 1597 448 1646 sunt
459 1581 637 1664 sepulchro,
651 1603 719 1657 eos,
747 1583 892 1664 inquom,
910 1581 1109 1644 absolutionis
1124 1585 1219 1662 grstia
1232 1580 1331 1642 donen-

377 1687 450 1762 dos,
464 1697 494 1746 et
503 1687 581 1746 inter
592 1685 695 1746 fideles
706 1685 835 1748 indivisa
846 1685 1063 1746 communitate
1074 1683 1258 1766 sepeliendos
1264 1681 1331 1764 judi-

375 1793 459 1851 cetis.
483 1789 573 1867 Quod
598 1791 724 1872 quidem
739 1813 802 1852 non
814 1805 929 1852 temere
944 1789 1062 1852 nvohis
1081 1791 1149 1852 fieri
1171 1787 1296 1865 confido,
1312 1793 1331 1849 si

373 1895 456 1957 unde
471 1898 727 1957 consecrationem
740 1896 865 1958 honoris
886 1898 1041 1977 accipitis,
1057 1894 1129 1960 iude
1142 1894 1239 1978 legem
1258 1895 1332 1956 tctiu

375 2012 480 2064 vestre
493 2000 689 2064 observantiae
703 2021 825 2065 smnere
836 2001 954 2077 velitis,
970 2017 1000 2064 ct
1013 2001 1048 2064 B.
1065 1999 1149 2062 Petri
1163 1999 1282 2082 apostoli
1293 2019 1332 2060 rr·

375 2105 445 2183 des,
465 2127 532 2189 quse
550 2107 637 2170 vobis
654 2106 847 2170 sacerdotalis
857 2119 1011 2182 mnterest
1020 2105 1190 2188 diguitatis,
1203 2105 1332 2168 ecclesius·

375 2212 439 2274 ticae
453 2211 540 2272 rolris
555 2214 594 2272 sit
606 2215 749 2294 magistra
768 2214 899 2272 rationis.
917 2211 965 2271 Ad
985 2231 1079 2292 quum
1099 2231 1154 2274 vos
1173 2227 1330 2292 promovere
1435 2274 1436 2277 Ἴ

373 2334 431 2398 pro
442 2318 611 2397 exiguitatis
623 2331 698 2378 meu
709 2315 912 2378 sollicitudine
922 2357 931 2391 ,
942 2317 1095 2396 presentis
1107 2319 1257 2378 occasione
1267 2326 1331 2375 tem-
1435 2336 1436 2363 t

373 2421 475 2500 poris,
499 2421 523 2480 si
546 2417 672 2500 quidem
692 2421 861 2496 sustinetis,
886 2437 1036 2494 moneor,
1063 2423 1225 2500 praemissis
1245 2417 1330 2500 paucis

374 2521 518 2602 quidem,
539 2519 674 2583 sednon
697 2523 828 2584 vitandis
852 2527 1024 2601 sententiis,
1050 2544 1087 2586 ex
1111 2525 1288 2606 propheticis
1307 2529 1330 2581 et
1435 2566 1436 2613 1

320 2672 323 2678 .
372 2624 551 2708 evangelicis
561 2623 699 2686 decretis.
712 2625 793 2687 Nam
806 2627 883 2708 quid
895 2632 1029 2710 apertius
1040 2643 1144 2690 contrn
1156 2625 1328 2710 huiusmodi,

372 2743 427 2798 snt
435 2729 512 2811 quid
522 2729 673 2794 effictum
686 2751 844 2800 occtu'rere
854 2738 982 2814 poterit,
996 2755 1091 2815 quarn
1105 2733 1186 2796 illud
1198 2733 1276 2816 quod
1287 2751 1330 2812 pes

372 2833 572 2897 Jezechielem
597 2835 780 2916 prophetam
801 2835 952 2900 Dominus
968 2839 1153 2920 increpando
1162 2839 1329 2901 denuncittt

372 2941 399 2998 S
399 2939 410 2996 i
423 2941 553 2998 averterit
557 2937 655 3018 justus
662 2985 674 3014 ,
687 2941 846 3021 inquiens,
862 2965 893 3002 se
907 2941 1047 3023 exjustitia
1059 2965 1111 3004 suc
1118 2989 1130 3017 ,
1144 2944 1274 3024 etsecerr't
1285 2941 1330 3002 irt-

371 3043 502 3116 an'tatem
514 3043 662 3104 secundum
675 3045 886 3106 abominationes
905 3069 975 3121 quos
998 3049 1110 3122 operari
1131 3048 1201 3108 solet
1225 3045 1328 3122 impin,

371 3147 494 3221 nunquid
504 3145 599 3206 vivet)
611 3170 702 3208 omnes
710 3147 827 3230 justitio
838 3147 898 3231 ejus
908 3151 1094 3230 quassccerat
1104 3175 1156 3211 nort
1164 3151 1331 3213 recordatur-

371 3251 463 3310 turrin
468 3253 758 3324 prevaricationem
768 3273 823 3328 quc
831 3257 1084 3328 proevun'cotuscst
1090 3301 1099 3329 ,
1108 3257 1282 3332 etrirpecrcto
1290 3273 1330 3332 cut

368 3359 496 3431 peccavit
504 3359 531 3415 tir
538 3355 891 3439 einismorr‘eturAEtpnnlo
898 3371 975 3439 post:
986 3363 1018 3420 ln
1024 3359 1160 3442 injustitia
1166 3383 1229 3436 nro,
1235 3360 1328 3440 inquit,

368 3481 450 3534 qrrom
459 3475 588 3535 operatus
597 3477 639 3524 est
648 3507 659 3536 ,
671 3467 800 3524 rwrientr
809 3469 819 3540 (
827 3462 936 3525 Erech.
952 3467 1000 3524 tt.
1014 3463 1063 3525 Μ.
1076 3467 1145 3543 26).
1159 3465 1246 3528 Unde
1257 3463 1328 3527 robis

369 3565 580 3626 assumendum
587 3587 741 3647 propono,
750 3570 775 3628 si
785 3565 830 3629 illi
838 3571 1134 3650 procerissimum,
1144 3591 1212 3654 quse
1221 3571 1327 3634 somne

367 3663 617 3746 uliquaesuerant,
626 3671 706 3732 nihil
716 3673 878 3752 proficiunt
888 3673 928 3734 sd
938 3673 1143 3738 evacuandum
1154 3677 1325 3758 sequentium

367 3769 520 3832 melorum
531 3775 700 3854 maculam,
713 3791 827 3858 qucnto
838 3781 958 3854 minus,
970 3783 1067 3841 immo
1077 3779 1174 3858 nihil,
1189 3775 1322 3849 linietis,

365 3893 434 3957 quae
447 3875 539 3938 nuliae
549 3879 675 3960 quidem
689 3881 809 3944 fuerunt
818 3887 854 3946 in
866 3887 951 3946 omni
962 3887 1043 3962 vitu,
1059 3888 1107 3946 cui
1129 3899 1209 3948 cette
1221 3881 1322 3946 nulinrn

367 3989 488 4061 tempus
498 3986 641 4062 praeteriit
661 4006 679 4046 a
699 3986 822 4048 malitie
843 3986 949 4048 studiis
968 3989 1123 4050 alienum?
1143 3988 1203 4051 sed
1222 3987 1321 4065 etipse

368 4079 518 4173 Domintu
538 4088 757 4170 prophetarum
770 4139 778 4172 ‚
792 4105 824 4155 et
836 4093 987 4157 mediator
1004 4089 1060 4156 Dei
1075 4105 1105 4155 et
1118 4093 1288 4168 hominum,
1304 4105 1318 4146 ⁸
