3088 4968
384 519 426 611 ν49
686 565 805 613 0111οΝ.
822 563 901 612 (Μ.
923 563 965 610 ΕΤ
984 561 1060 610 Au.

387 733 465 823 liis,
478 731 825 832 orationibusatque
835 733 986 832 jejuniis
999 733 1219 804 inonstanter
1230 751 1363 829 eorpus

387 854 575 951 fatigavit,
611 879 727 953 usque
759 853 851 928 dum
881 869 956 927 tam
987 855 1175 953 egregium
1208 853 1362 927 militem

387 985 570 1057 Dominus
587 983 633 1058 de
653 988 758 1058 terris
772 984 819 1058 ad
833 986 946 1058 coelos
961 985 1139 1058 evocavit.

584 1257 589 1264 ·
676 1199 839 1384 (lios.
895 1259 1092 1343 xxm.

388 1513 466 1564 QUOD
486 1511 625 1552 'fflfflffl
642 1511 734 1552 tmms
749 1511 853 1552 fluiter!
879 1511 955 1557 vm,
970 1511 1063 1552 mtto
1085 1511 1135 1552 Μ
1158 1511 1361 1554 numm

524 1589 768 1638 muranum,
791 1591 1015 1644 mertuorum
1031 1591 1223 1632 nemetum.

392 1765 482 1879 sun
503 1801 574 1878 hoc
590 1801 665 1880 fere
690 1817 872 1903 tempore,
899 1800 1072 1904 quoedam
1095 1804 1200 1900 virgo
1226 1805 1267 1879 in
1295 1818 1363 1880 ter·

388 1929 517 2000 ritorio
534 1929 800 2020 Cameracensi,
816 1927 1146 2000 nobilissimis'orta
1160 1926 1360 2021 natalibus,

389 2052 639 2126 circumventa
653 2065 707 2124 est
726 2077 747 2122 a
765 2048 928 2150 quodam
942 2052 1080 2150 juvene
1099 2074 1175 2122 non
1192 2049 1363 2148 ignobilis

387 2177 548 2273 generis,
570 2173 634 2248 sed
657 2173 829 2273 ignobilis
857 2175 993 2266 animi,
1018 2187 1061 2246 ut
1083 2175 1161 2274 ejus
1191 2175 1363 2272 eonjugio

383 2300 468 2396 jure
481 2300 709 2370 matrimonii
721 2297 971 2396 copularetur.
981 2299 1071 2388 Quae
1080 2294 1363 2390 dumneoanro,

388 2443 456 2494 nee
486 2421 659 2516 gemmis,
696 2443 765 2492 nee
800 2417 879 2492 ullo
907 2433 1212 2492 ornamentorum
1231 2445 1364 2520 genere

387 2541 507 2640 frangi
522 2543 717 2639 potuisset,
734 2549 934 2640 quominus
951 2543 1171 2642 virginitatis
1190 2546 1364 2646 proposi-

389 2678 469 2735 tum
483 2662 638 2758 laxaret,
655 2679 691 2737 et
711 2690 814 2738 more
835 2663 1019 2738 nobilium
1032 2663 1267 2738 foeminarum
1284 2669 1362 2740 viro

387 2790 530 2886 potenti
541 2791 780 2887 jungeretur,
796 2813 864 2862 nec
877 2801 1046 2887 parentes
1065 2812 1149 2860 suos
1163 2813 1274 2886 super
1288 2787 1363 2862 hu-

383 2909 548 3009 jusmodi
563 2912 757 2986 eonsilium
772 2912 902 2986 audire
923 2911 1050 3005 vellet3
1076 2910 1267 3012 desperato
1291 2916 1361 3012 ju-

386 3035 488 3106 venis
513 3058 655 3127 amore,
680 3049 861 3136 captuque
881 3038 1133 3137 oportunitate
1159 3061 1232 3135 qua
1253 3037 1362 3135 puel-

385 3155 459 3230 lam
474 3159 636 3255 paternis
659 3155 801 3234 aedibus
813 3159 927 3232 solam
942 3173 1062 3258 posset
1078 3157 1281 3252 offendere,
1304 3185 1363 3234 as-

385 3292 534 3378 sumpta
567 3305 691 3354 secum
726 3279 974 3355 nefandorum
1012 3283 1121 3356 turba
1154 3287 1359 3378 sociorum,

386 3401 538 3476 domum
558 3430 707 3478 omnem
729 3407 1122 3500 circumvallaverunt,
1138 3422 1174 3480 et
1193 3407 1289 3482 sueta
1308 3411 1361 3480 ir-

385 3529 577 3623 ruptione,
595 3527 749 3600 domum
765 3556 915 3602 omnem
930 3534 1147 3630 perscrutati
1158 3547 1258 3626 sunt,
1276 3548 1362 3606 tan-

385 3646 544 3746 demque
565 3649 730 3724 loculum
750 3653 788 3724 in
807 3679 882 3751 quo
906 3655 1009 3752 virgo
1030 3653 1167 3728 latebat
1184 3657 1361 3730 curiosius

385 3773 692 3872 contemplantes,
730 3779 918 3849 inventam
950 3777 1131 3850 violenter
1174 3792 1363 3854 traxerunt

388 3919 500 3994 usque
516 3894 563 3967 ad
580 3895 703 3968 locum
724 3899 789 3970 ubi
805 3925 905 3974 nunc
919 3915 1126 3974 constructe
1148 3915 1200 3973 est
1214 3903 1362 3976 basilica

386 4017 423 4086 in
441 4017 581 4092 honore
596 4024 764 4093 omnium
773 4039 998 4118 sanctorum,
1009 4027 1194 4124 praecipue
1209 4025 1359 4124 quidem
