2932 4974
381 571 439 626 {¹10
680 571 801 618 ennon.
819 570 898 618 carr.
920 571 1056 618 arara.

379 766 464 813 rum
490 739 682 812 materiam
711 735 923 830 interferre,
950 749 994 810 ut
1020 736 1161 836 praesul
1194 735 1358 812 videlicet

380 863 581 935 inimicitiis
593 862 736 934 comitis
752 859 950 952 sollicitus,
968 861 1047 960 ejus
1063 862 1254 960 nequitias
1270 858 1359 933 deei-

278 1065 282 1071 ,
380 998 444 1058 nat
466 986 660 1084 corrigere.
690 985 770 1056 Hoc
795 981 959 1081 profecto
991 995 1164 1056 versutus
1197 984 1359 1056 incentor

379 1105 429 1180 ad
449 1105 679 1206 ampliandas
691 1103 892 1178 discordiae
906 1129 993 1178 cum
1006 1102 1169 1178 subdola
1183 1119 1224 1178 et
1238 1107 1358 1178 verisi-

276 1287 283 1294 .
380 1229 460 1301 mili
478 1229 673 1301 assertione
685 1225 905 1320 addebat,ee
913 1224 1050 1299 habere
1058 1225 1358 1302 videlicetS.Vin·

379 1349 531 1442 diciani‚
547 1347 712 1448 ejusdem
725 1347 819 1422 sedis
830 1351 1005 1448 episcopi,
1020 1350 1243 1448 privilegia,
1257 1371 1357 1450 apos·

381 1472 491 1546 tolica
503 1468 965 1562 auctoritateconfirmata,
977 1472 1165 1570 inquibus
1173 1471 1353 1546 decretum

379 1607 484 1687 esset,
493 1591 693 1666 monachos
709 1594 746 1665 S.
761 1590 908 1666 Vedasti
923 1617 1000 1666 non
1007 1589 1143 1668 debere
1151 1593 1354 1668 haberem

384 1729 533 1816 pectum
548 1713 598 1787 ad
614 1711 828 1813 pontificem
845 1713 1004 1788 ecclesiae
1022 1717 1351 1790 Cameracensium.

383 1841 437 1912 Ex
451 1837 524 1911 hoc
546 1862 632 1912 cane
645 1836 781 1911 tanam
800 1841 1164 1936 argumentationem
1186 1837 1350 1926 tmhene,

381 1960 487 2062 quod
501 1963 542 2033 Β.
556 1959 797 2036 vindicianus
809 1985 877 2034 auo
894 1975 1061 2062 tempore
1074 1985 1208 2037 omnes
1229 1962 1354 2061 inquio

383 2084 531 2158 tudinec
545 2110 569 2158 a
582 2085 804 2158 monasterio
817 2085 855 2157 S.
873 2081 1021 2158 Vedaati
1033 2088 1175 2186 scripto
1196 2105 1352 2186 precep-

383 2221 422 2280 to
434 2208 605 2297 exclusit,
624 2221 668 2281 ut
684 2209 826 2307 quiete,
845 2219 883 2279 et
906 2204 1112 2280 seeundum
1134 2205 1301 2308 regulam
1318 2203 1348 2272 S.

383 2329 571 2404 Benedicti
587 2328 761 2402 monachi
775 2333 956 2422 viventes,
972 2331 1053 2403 Deo
1066 2332 1267 2421 servirent3
1282 2345 1351 2398 non

384 2467 427 2526 ut
446 2451 655 2524 inordinate
673 2465 710 2524 et
723 2454 883 2552 turpiter
894 2467 1164 2548 conversantes,
1173 2449 1286 2528 veluti
1293 2449 1350 2520 iste

383 2598 471 2649 cum
495 2577 592 2665 euie,
614 2598 636 2645 a
656 2575 845 2673 proposito
872 2571 1127 2648 desciscerent.
1160 2577 1276 2648 Porro
1294 2573 1350 2642 itte

382 2701 450 2800 qui
474 2693 723 2772 contendebat
752 2695 987 2797 disciplinam
1011 2711 1049 2772 et
1069 2697 1349 2798 increpationem

380 2823 545 2920 episcopi
558 2820 764 2913 declinare,
779 2835 817 2894 et
830 2833 959 2894 contra
971 2821 1193 2921 evangelicae
1205 2833 1242 2892 et
1251 2835 1350 2916 apol·

328 2991 329 2996 ,
381 2942 500 3014 tolicoe
512 2943 755 3025 institutionis
767 2943 1045 3034 auctoritatem,
1062 2967 1084 3016 a
1093 2944 1188 3041 jugo
1199 2933 1349 3041 episcopi

380 3065 560 3138 cervicem
583 3059 782 3136 deditionis
801 3077 989 3156 excutere,
1011 3063 1108 3138 male
1131 3055 1349 3159 intelligebat

380 3187 599 3260 sententiam
622 3188 658 3257 S.
683 3183 889 3279 Benedicti,
912 3187 980 3260 ubi
1002 3199 1162 3261 tracum
1187 3186 1235 3260 de
1255 3175 1348 3254 ordi·

381 3308 507 3384 nando
521 3309 673 3403 abbate,
693 3309 789 3382 inter
803 3323 934 3382 caetera
950 3307 1060 3384 dicit:
1082 3313 1290 3408 Episcopus,
1308 3296 1349 3372 a

377 3443 483 3530 cujac
494 3437 666 3510 dmoeum
688 3441 802 3530 ἰμιιηι
825 3440 1070 3507 monasteriam
1094 3441 1241 3530 pertinet
1260 3427 1347 3526 (Be-

380 3560 458 3630 ned.
470 3561 601 3656 inllep.
617 3581 695 3652 cop.
711 3555 794 3652 bd).
811 3555 922 3650 Quod
935 3553 1029 3656 quid
1041 3561 1108 3651 eit,
1124 3551 1346 3631 eicuiotium

380 3692 434 3750 eet
446 3675 643 3774 diligenter
656 3677 814 3771 intueri,
829 3677 995 3778 ejusdem
1008 3679 1208 3753 voluminis
1222 3672 1344 3768 ectipla

381 3797 566 3874 discutiat.
587 3795 715 3872 lnfelix
736 3798 888 3899 quidem
913 3802 1008 3875 male
1028 3825 1192 3875 ememor
1209 3797 1342 3874 iactuti

380 3937 520 4026 quanta
537 3921 747 3998 humilitate
777 3939 815 3998 et
837 3939 977 4026 quanta
992 3927 1196 4000 reverentia
1210 3918 1266 3995 eui
1281 3933 1344 3986 an·

383 4062 572 4125 teceeeoree
597 4045 789 4148 quondam
815 4049 864 4124 D.
887 4047 1170 4143 Theodericum,
1189 4029 1343 4144 ejusdcm
