2932 4974
376 562 437 618 232
676 563 795 610 onnon.
813 543 892 608 clu.
915 564 956 608 nr
973 561 1050 608 Aru.

376 745 488 822 cunt,
513 754 581 802 nec
611 723 796 802 immerito
824 729 876 800 sic
902 725 1155 798 nominatum:
1191 747 1277 795 cnm
1305 725 1340 792 B.

259 921 262 928 ,
377 854 611 944 Vincentius,
628 869 713 923 cum
733 849 858 937 multis
875 851 962 936 viris
975 847 1169 954 religiosis,
1186 848 1252 944 qui
1266 869 1344 918 cum

346 1039 347 1042 ,
379 998 423 1046 eo
444 971 609 1063 fuerant,
633 998 698 1044 sua
718 972 994 1044 conversatione
1013 966 1218 1040 reddiderit
1235 966 1345 1040 subli-

381 1109 538 1167 matum.
560 1099 676 1166 Porro
696 1097 762 1166 iste
780 1093 1015 1181 Vincentius,
1033 1115 1154 1161 comes
1167 1092 1342 1188 egregius,

378 1216 550 1306 videlicet
570 1213 871 1286 &waldetrudis
890 1213 1063 1304 maritus,
1081 1214 1188 1310 juxta
1201 1211 1344 1311 quidem

379 1337 591 1416 saecularem
610 1317 868 1426 eminentiam,
889 1349 925 1406 et
943 1333 1052 1406 rebus
1075 1349 1112 1406 et
1130 1359 1263 1432 genere
1280 1357 1344 1431 po-

369 1459 618 1547 tentissimus,
635 1455 843 1527 eruditione
865 1469 990 1527 tamen
1011 1468 1048 1526 et
1069 1455 1205 1528 crebris
1227 1455 1345 1526 moni-

379 1579 542 1650 tionibus
560 1581 600 1648 B.
617 1577 787 1649 Autberti
806 1563 992 1675 pontificis
1013 1575 1260 1669 informatus,
1283 1601 1346 1648 sa-

380 1699 514 1794 cularis
542 1699 683 1770 militiae
702 1723 879 1797 pompam
899 1701 963 1796 (t)
984 1699 1116 1796 procul
1140 1698 1343 1788 abboiruit,

378 1819 522 1918 Deique
538 1819 720 1918 obsequiis
737 1821 946 1918 mancipare
957 1845 993 1894 se
1010 1809 1133 1919 potius
1147 1811 1342 1894 aestimarit.

302 2028 304 2039 k
380 1945 497 2040 igitur
511 1941 602 2014 dum
618 1941 758 2016 deloco
775 1967 848 2014 suaa
871 1931 1157 2016 conversationis
1179 1957 1350 2041 expeten-

342 2049 348 2054 ’
380 2065 430 2139 do
450 2066 625 2139 sollicitus
646 2091 774 2138 curam
794 2065 962 2162 gereret,
988 2089 1065 2136 nou
1090 2063 1210 2137 defuit
1231 2065 1345 2136 divina

380 2191 514 2288 pietas,
529 2169 644 2262 sancti
656 2189 729 2261 viri
748 2184 972 2260 desiderium
994 2171 1237 2286 completura.
1262 2188 1345 2258 Num

290 2346 302 2374 ο
381 2310 542 2409 quadarn
558 2323 663 2383 nocte
678 2311 776 2408 pluit
790 2310 973 2380 Dominus
990 2313 1134 2400 nivem,
1154 2323 1191 2382 et
1208 2333 1345 2382 omnem

380 2434 567 2528 regionem
590 2435 731 2506 circum
756 2445 792 2504 et
810 2433 907 2503 circa
927 2434 1035 2504 niveo
1056 2455 1139 2504 rore
1159 2433 1343 2531 respersit,

380 2567 529 2650 excepto
543 2553 696 2652 paululo
710 2553 803 2643 loci,
828 2550 931 2650 quod
946 2556 993 2624 in
1013 2552 1226 2652 supradicto
1245 2557 1341 2642 vico,

313 2673 317 2680 ’
380 2677 420 2746 in
436 2674 591 2746 modum
605 2673 776 2748 videlicet
787 2675 924 2765 crucis,
941 2674 1228 2774 respergendum
1243 2698 1344 2748 reser-
1364 2739 1366 2746 ,

367 2799 493 2870 ravit.
513 2796 623 2889 Quod
636 2800 693 2872 vir
703 2797 775 2870 Dei
791 2821 858 2869 suo
871 2795 1052 2870 desiderio
1075 2798 1214 2872 caelitus
1229 2797 1344 2871 conti³

380 2919 490 3013 gisse,
509 2917 638 2989 altiore
651 2917 803 2990 consilio
820 2917 1016 3009 intellexit,
1038 2916 1242 3017 divinoque
1265 2915 1345 2990 indi·

380 3040 437 3112 cio
445 3037 713 3132 certioremur,
723 3039 943 3112 moxeod‘em
951 3042 989 3112 in
997 3040 1343 3114 looomonasterium

381 3184 423 3232 ex
451 3163 603 3258 proprio
624 3174 776 3260 sumptu
797 3159 979 3234 fundavit.
1003 3161 1113 3254 Quod
1137 3165 1249 3234 ctiam
1268 3183 1344 3234 suus

382 3282 553 3378 magister
566 3281 791 3376 Autbertus,
806 3284 892 3356 viris
906 3307 1034 3358 securo
1048 3283 1224 3380 religiosis
1247 3281 1346 3356 adbi-

382 3401 487 3494 bitis,
503 3404 543 3472 in
559 3401 700 3476 honore
715 3402 966 3501 apostolorum
983 3405 1079 3475 Petri
1094 3417 1130 3476 et
1143 3405 1250 3478 Pauli
1262 3399 1348 3476 dedi·

381 3525 497 3612 cavit,
524 3521 650 3620 ibique
673 3525 730 3593 vir
749 3538 895 3618 sanctus
915 3522 1069 3598 feliciter
1091 3540 1344 3612 conversatus,

380 3642 576 3715 laudabilis
601 3647 686 3718 vitae
718 3648 946 3720 sanctitatem
983 3646 1117 3722 ducere
1146 3647 1342 3722 adstuduit.

381 3759 439 3836 Ad
456 3766 562 3862 cujus
575 3769 675 3864 piam
684 3770 997 3848 conversationem
1005 3770 1113 3844 multi
1121 3773 1191 3846 viri
1198 3768 1346 3870 religiosi

416 4038 515 4106 tlte.
535 4057 631 4112 ,ηιμ
649 4041 773 4096 mtutm.
