2906 4970
411 589 469 644 ΞΜ
713 595 834 642 canoa.
854 595 932 643 CAH·
948 597 992 641 BT
1008 595 1086 642 m.

408 765 442 825 in
453 762 510 824 Dei
520 765 644 824 nornine
658 777 750 844 atque
762 783 941 845 precamur,
957 777 992 825 ut
1011 763 1096 824 fratri
1105 751 1108 758 ’
1117 763 1235 844 dejecto
1248 785 1371 846 quocun·

408 887 470 950 que
485 866 577 929 modo
592 869 726 948 potestis,
741 889 916 929 succurrere
926 869 1072 950 satagatis.
1085 865 1198 929 Nullus
1210 871 1306 944 enim,
1319 865 1371 928 lieo

406 975 533 1056 gratias,
549 971 660 1034 melius
673 985 784 1053 potest,
807 986 837 1032 et
857 985 937 1034 certe
955 971 1091 1047 debetis,
1110 974 1184 1053 quia
1201 971 1275 1033 oiim
1292 983 1370 1034 veter

405 1077 464 1140 tuit
478 1076 625 1153 clericus,
642 1099 676 1138 ac
691 1091 789 1138 vestro
803 1075 964 1160 suffragio,
980 1076 1020 1137 ad
1035 1089 1122 1138 tantae
1135 1075 1287 1160 dignitatis
1307 1095 1366 1157 grt-

406 1183 482 1242 tiam
493 1179 684 1242 sublimatus.
701 1180 795 1242 Decet
808 1183 891 1241 enim
902 1201 957 1244 vos
971 1183 1164 1257 meminisse,
1181 1201 1276 1262 quam
1288 1179 1369 1240 obno-

405 1287 475 1346 xius
486 1287 524 1344 sit
533 1297 562 1345 et
576 1287 725 1346 canonicis
736 1298 766 1346 et
778 1285 950 1366 apostolicis
970 1284 1189 1362 sanctionibus,
1212 1287 1367 1366 quicunque

390 1389 583 1468 ‘episcopum
593 1387 761 1468 quemlibet
778 1388 1006 1471 naufragantem
1027 1387 1178 1449 distulerit
1196 1388 1365 1468 adjutaresi

390 1513 393 1522 ·
405 1490 654 1573 possit.Vestram
661 1494 765 1573 itaque
771 1495 928 1553 caritatem
935 1491 1094 1554 humiliter
1101 1489 1362 1574 imploramusutii.

404 1595 649 1678 archiepiscopo,
665 1617 726 1657 una
737 1595 963 1658 cumfratribus
978 1599 1090 1658 caeteris
1106 1599 1288 1678 co'e'pisoopis
1301 1615 1364 1656 con-

405 1704 536 1777 vocatis,
549 1701 588 1763 ad
598 1700 774 1784 suffragium
785 1701 885 1763 fratris
897 1723 1000 1785 regem
1010 1702 1129 1763 fortiter
1139 1705 1281 1764 excitetis:
1292 1703 1363 1783 quip

405 1823 445 1886 pe
458 1803 517 1865 hoc
537 1808 566 1866 ci
588 1799 781 1894 intimantes,
797 1809 909 1889 quiesi
926 1820 1057 1868 sanctam
1079 1807 1237 1870 ecclesiam
1250 1805 1361 1870 mutilari

404 1911 574 1991 permittet,
590 1909 714 1975 celestis
724 1913 771 1974 ira
783 1931 912 1994 regnum
926 1933 1017 1974 suum
1030 1911 1187 1976 discindet.

670 2165 875 2372 ,dap
934 2235 1082 2310 xxx.

404 2493 599 2537 cunum
620 2496 799 2547 romanum
823 2494 952 2537 monus
965 2492 1189 2539 eaomctms.
1208 2492 1238 2533 nt
1250 2487 1316 2542 QUI,
1329 2483 1357 2525 Π

431 2573 611 2614 ΤΕΒΤΙΙΟΝΙΟ
628 2575 666 2614 ΕΤ
680 2575 795 2614 tuorem
803 2573 979 2613 marasim
994 2571 1135 2616 (immi.
1150 2567 1277 2610 ”1800ss
1290 2561 1358 2605 tm}

429 2641 1353 2700 ramensis.cormnrtrronrrscoronurrnnrrunorrrroiterumn*t
1420 2713 1421 2737 ,

429 2733 581 2775 orarum
593 2735 654 2774 esc.

406 2931 496 3045 Sus
525 2966 583 3039 his
612 2966 761 3058 diebus,
795 2995 882 3041 cum
911 2965 1004 3039 forte
1035 2957 1353 3065 imperatorum
1417 2981 1418 3001 ¹

403 3092 632 3188 Aquisgrano
647 3091 803 3190 palatio,
822 3105 896 3163 tam
912 3089 958 3163 de
979 3089 1245 3190 ecciesiasticis,
1266 3101 1352 3183 quam

402 3211 504 3286 etde
523 3214 759 3287 secularibus
781 3227 1039 3314 pertractaret,
1064 3214 1106 3283 in
1121 3213 1215 3310 ‘ipsa
1231 3205 1352 3280 interim

401 3337 550 3410 ecclesia
566 3327 802 3437 provincialis
825 3336 988 3434 synodus
1010 3333 1057 3407 ab
1083 3335 1258 3434 episcopis
1280 3325 1352 3401 cele·

402 3458 507 3532 brata
526 3475 591 3532 est.
621 3462 692 3532 Ubi
722 3459 905 3559 siquidem
940 3462 1037 3532 inter
1064 3457 1351 3557 archiepiscopum

402 3580 680 3650 Coloniensium
698 3583 739 3651 P.
750 3593 786 3651 et
799 3578 847 3651 D.
864 3577 1153 3652 Leodecensinm
1168 3571 1350 3676 pontificem

386 3697 590 3772 'altercatio
605 3727 681 3773 non
696 3729 810 3803 parva
828 3701 1040 3796 incanduit,
1063 3709 1147 3802 pro'
1158 3689 1349 3772 monasterio

400 3819 570 3896 videlicet
584 3825 779 3918 Bureitho,
797 3825 899 3927 quod
914 3840 1071 3926 uterque
1088 3815 1163 3898 suae
1181 3813 1347 3924 parochio

392 3925 579 4045 ¹subjicere
591 3948 851 4022 contendebat.
866 3949 1036 4022 Domnus
1053 3961 1177 4020 autem
1192 3933 1347 4018 Gerardus

399 4070 610 4168 episcopus,
627 4085 669 4142 ut
683 4074 892 4144 testimonio
908 4074 1071 4146 veritatis
1090 4071 1195 4146 litem
1211 4077 1347 4159 compat·
