2906 4970
456 562 551 608 curu
570 562 721 610 ruurrus.
1020 554 1092 622 993Ι

98 738 212 814 ceret,
239 728 322 800 viva
341 747 431 802 voce
453 721 660 822 increpuit,
679 723 785 825 quod
800 727 962 825 episcopi
978 727 1076 798 Leo-

97 845 265 922 deoenses
284 852 455 948 quinque
478 847 627 921 abbates
645 847 744 922 illius
767 851 979 922 monasterii
998 850 1079 924 sine

97 969 172 1056 ulla
180 969 477 1046 contradictione
484 968 1076 1069 archiepiscopiconsecraverunt,

94 1094 212 1166 immo
230 1108 268 1166 et
288 1095 387 1193 ipse,
415 1094 639 1190 imperatore
668 1103 822 1190 rogante
849 1105 885 1164 et
909 1091 1077 1166 Baldrico

94 1219 267 1317 episcopo
292 1213 505 1293 Lcodioensi
533 1228 700 1314 petente,
735 1217 777 1286 in
807 1217 1002 1314 praeseutia
1026 1217 1075 1290 D.

93 1341 348 1439 imperatoris,
364 1342 407 1415 iu
424 1341 585 1438 Aquensi
599 1339 747 1414 ecelesia
761 1341 800 1412 S.
817 1341 963 1434 Mariae,
990 1365 1080 1440 pree·

91 1461 161 1534 fati
190 1465 400 1543 monasterii
437 1463 585 1538 elericos
621 1461 809 1538 ordinavit
830 1517 840 1556 ,
877 1465 1076 1564 ipsumque

97 1588 361 1658 monasterium
378 1611 465 1664 cum
484 1584 760 1687 archiepiscopo
780 1590 931 1687 Popone
944 1589 1075 1660 Trevi-

96 1709 278 1800 rensium,
302 1722 339 1780 et
367 1711 550 1782 Haimone
569 1707 860 1782 Virdunensium
889 1733 1073 1784 consecra·

97 1828 161 1902 vit.
183 1833 239 1902 Eo
254 1855 341 1930 ergo
355 1829 424 1904 sibi
438 1829 559 1904 videri
574 1833 708 1904 rectius
720 1831 942 1916 Leodecensi
963 1853 1080 1931 quam

99 1951 306 2026 Coloniensi
330 1955 535 2051 regimonio
554 1953 756 2052 subjacere.
777 1952 887 2047 Quod
907 1955 959 2026 ita
977 1978 1075 2056 quo-

98 2099 168 2172 que
181 2080 322 2150 caeteris
339 2075 960 2175 testificantibus,archiepiscopus,
976 2101 1071 2173 prae-

99 2210 153 2272 ter
166 2199 282 2300 ullam
297 2197 514 2299 synodalem
526 2199 784 2292 reverentiam,
800 2200 856 2276 ira
869 2211 1074 2274 commotus

97 2318 281 2398 absume·

417 2539 575 2725 lior.
614 2589 769 2668 xxm.

96 2845 195 2888 ΙΑΌΠΑ
220 2845 352 2888 auom
372 2847 412 2886 H
436 2845 634 2887 ΙΜἚΙΡΙΜΙΕ
659 2847 773 2894 ΑΒΜ,
796 2845 946 2890 conum
972 2847 1076 2894 tom

121 2925 295 2968 11110113
315 2925 405 2966 mmo
427 2925 576 2966 Roefflffl
598 2925 629 2966 ΙΝ
651 2925 710 2976 QUA
728 2927 858 2968 monili!
878 2927 1074 2976 mnenon.

120 3003 278 3046 mmm
294 3003 461 3048 ΙΛΒΟΙΙΒΙΙΒ
475 3005 682 3052 ursorum.
696 3006 735 3049 ΕΤ
750 3007 839 3050 CUJUS
856 3009 907 3052 ΙΙΙ
926 3011 985 3054 noc
1003 3012 1071 3054 ΠΜ·

119 3082 167 3130 m
181 3082 370 3126 runcum.

102 3286 188 3400 Seu
213 3342 285 3394 nec
306 3319 486 3392 oblivioni
511 3317 757 3410 tradendum,
782 3320 885 3417 quod
912 3345 981 3420 per
1002 3325 1075 3396 ali·-

99 3455 185 3537 quot
201 3440 280 3514 dies
294 3439 387 3514 dum
407 3437 571 3537 synodus
587 3438 855 3533 celebraretur,
879 3454 982 3516 tanta
1000 3446 1073 3518 sic-

100 3563 182 3638 citas
205 3568 319 3658 airis,
348 3577 386 3638 ct
414 3565 649 3664 intemperies
670 3577 777 3638 aestus
794 3563 1010 3660 excanduit,
1030 3581 1074 3646 ut

99 3687 203 3760 multi
219 3686 434 3760 mortalium
449 3711 526 3786 prae
544 3687 661 3758 nimio
678 3686 809 3762 ardore
824 3686 981 3764 deficere
994 3717 1071 3792 pua·

101 3818 286 3884 tarentur:
311 3808 374 3882 sed
403 3823 439 3881 et
459 3810 602 3909 aliquot
623 3811 797 3884 animalia
823 3813 946 3886 subito
964 3815 1070 3892 labe-

99 3945 224 4006 rentur
249 3937 418 4008 extineta.
438 3937 613 4008 Econtra
639 3960 726 4014 vero
753 3935 935 4010 columnae
969 3961 1072 4008 mar·-

100 4078 231 4132 moreoe
261 4061 375 4160 ipsius
408 4056 567 4134 ecclesiae
607 4059 803 4138 uberrimis
838 4073 880 4162 et⁴
918 4061 1070 4136 insuetis
