3044 4968
532 565 626 612 ΗΙΙΙ
640 566 769 614 mu!-
1085 559 1140 615 107

161 725 269 800 urbis
288 725 484 801 indiscrete
496 729 645 828 negotia
661 751 900 826 portentum.
915 725 1024 800 Unde
1041 753 1143 840 pror-

161 846 222 922 sul
235 850 476 947 perterritus,
497 862 623 920 tamen
638 849 710 922 Dei
726 847 919 925 elementia
936 848 1040 942 filus,
1065 863 1142 922 tom

160 971 334 1072 superbae
348 968 508 1068 jussioni
525 966 867 1069 obtemperaturum
896 995 933 1042 se
959 994 1032 1043 esse
1051 995 1141 1070 spo-

158 1089 315 1190 pondit.
332 1087 405 1162 Sed
417 1101 460 1162 ut
477 1103 598 1160 tamen
607 1087 810 1194 probrosus
825 1091 880 1162 sui
895 1087 1055 1188 perfugii
1068 1117 1141 1190 pu-

160 1208 238 1283 dor
249 1209 433 1310 popnlnm
447 1208 596 1300 lateret,
612 1207 670 1283 vel
684 1212 852 1308 usquein
871 1223 1016 1284 noctem
1032 1208 1142 1285 indu-

160 1334 426 1433 cietpopotoit.
435 1333 507 1424 Qui
521 1353 590 1408 nee
602 1329 751 1406 difficile
765 1334 817 1406 ita
830 1329 985 1424 recedit,
997 1357 1043 1406 eo
1054 1355 1141 1408 tane

160 1457 306 1546 tutior,
330 1455 418 1553 quia
437 1477 673 1554 nequaquam
693 1477 781 1530 eum
801 1456 896 1528 tanti
914 1453 1140 1548 estimabat,

156 1585 207 1649 ut
233 1595 301 1646 ena
320 1568 591 1669 jornandem
611 1567 776 1646 eludere.
798 1573 878 1646 Hoc
891 1573 1141 1673 iqiturimpe-

158 1709 285 1786 trito,
307 1695 350 1768 in
377 1692 539 1768 divertor
569 1709 690 1793 parter
719 1696 912 1796 epiaoopnr
939 1696 1139 1794 ancipitem

158 1820 330 1914 animum
343 1817 459 1915 rapit,
478 1814 660 1916 quidnam
688 1820 792 1918 prior
810 1821 852 1892 in
872 1820 983 1892 tantia
1003 1831 1041 1890 et
1063 1829 1139 1890 tam

158 1939 290 2016 subitio
306 1937 650 2038 perturbationibus
669 1938 863 2016 intendere
881 1942 1016 2040 ponit,
1031 1965 1138 2040 qute-

158 2062 225 2135 rit.
241 2061 314 2136 Neo
329 2083 454 2150 mora,
470 2055 601 2134 divino
612 2060 768 2134 oonsilio
781 2083 888 2151 utut,
905 2084 1033 2134 omnen
1049 2062 1137 2134 ami·

161 2195 351 2284 uocatque
376 2181 505 2258 fideles
529 2181 627 2254 infra
653 2180 882 2256 induciolam
903 2179 1022 2272 hane,
1053 2205 1139 2256 oum

158 2307 268 2380 omni
281 2302 405 2380 ttudio
422 2306 532 2404 jussit
549 2306 680 2380 taeitue
702 2305 916 2398 oonvoeari,
934 2329 1139 2403 eorumque

157 2425 331 2526 androgio
341 2451 418 2502 enae
432 2451 532 2504 curre
543 2427 745 2504 nonaulnit.
762 2428 856 2504 Nam
872 2453 946 2506 nox
961 2425 1026 2502 ilia
1042 2430 1136 2502 tanti

158 2551 305 2648 eopiam
319 2552 496 2624 exereitus
505 2552 539 2622 ei
553 2553 716 2649 peperit,
730 2565 776 2626 ut
787 2551 868 2624 Deo
877 2529 1137 2642 volente‚ver·

157 2695 198 2748 ta
210 2674 392 2746 sententia
409 2669 552 2746 hortem
571 2673 764 2748 incautum
784 2671 950 2748 diluenlo
964 2685 1065 2748 extra
1080 2675 1137 2745 ei·

155 2796 310 2870 vitatem
327 2793 582 2893 compelleret,
603 2797 754 2894 ipseque
773 2820 861 2870 oum
886 2796 960 2870 euin
984 2797 1026 2866 in
1044 2818 1137 2892 pio-

153 2920 242 3017 pria
253 2916 338 2994 tede
351 2941 501 3016 compos
514 2919 631 2992 animi
641 2917 828 2996 recideret.
842 2921 927 2992 Poet
943 2915 1131 3012 herotem,

155 3039 302 3140 aliquot
316 3037 447 3114 diebus
459 3043 702 3141 interpoaitie‚
720 3067 842 3120 eomer
855 3065 1040 3132 revertur,
1060 3039 1146 3134 eol·¹

153 3163 253 3238 loeta
278 3161 402 3240 valida
432 3189 567 3259 mauu,
602 3169 797 3267 resumptie
825 3164 966 3240 vii-ibor
999 3160 1132 3234 urbem

159 3287 327 3382 repetiit,
340 3285 547 3386 multaeque
563 3286 840 3386 inquietudines
852 3289 1040 3384 ingerens,
1056 3288 1134 3386 epi·

157 3429 312 3506 neopum
328 3407 550 3508 aliquandiu
573 3407 765 3484 laeeeeivit.
785 3409 955 3506 Denique
975 3410 1055 3506 jam
1075 3407 1132 3480 al-

152 3531 268 3606 ternis
298 3531 552 3630 conflictibus,
575 3533 695 3632 gravit
734 3532 833 3606 iuter
869 3553 905 3606 se
944 3533 1132 3605 eontentio

153 3651 332 3732 adolevit.
