2932 4974
569 525 664 570 1·an
678 521 808 570 MS·
1125 518 1182 574 ¹85
1203 533 1215 548 ³

205 687 418 782 uitandus,
434 685 726 781 mauuvalidus‚
747 689 1078 781 animooxaestuat‚
1098 713 1184 763 mo-

204 837 264 888 ras
279 815 503 912 precipitat.
519 813 593 904 Qui
607 835 677 884 neo
692 835 816 902 mora,
830 835 908 883 nou
922 810 1067 906 multis,
1090 837 1184 913 quoa

203 948 406 1035 praesentes
429 931 612 1027 habebat,
645 932 783 1026 fultus,
807 931 904 1006 sacto
936 935 1066 1007 itinere
1095 935 1185 1010 illue

204 1058 443 1157 pertransiit3
457 1081 525 1130 nec
539 1079 666 1156 possus
678 1079 716 1130 se
734 1067 922 1156 expectare
937 1079 1022 1128 suos
1038 1083 1105 1157 per
1120 1061 1186 1132 in-

208 1177 556 1292 intinem
574 1191 815 1278 sequuturos,
839 1201 925 1250 mox
944 1193 1074 1253 eontra
1094 1179 1186 1257 hos-

208 1315 288 1378 tem
301 1301 473 1402 proelium
487 1299 693 1376 inconsulte
703 1303 900 1376 commisit.
913 1303 1090 1377 Armabat
1098 1330 1186 1380 eum

209 1423 645 1518 cousuetudoriuoeudi,
659 1440 698 1500 et
711 1427 921 1524 ignorantia
933 1425 1105 1500 cedendi.
1128 1431 1189 1502 Si-

203 1544 363 1646 quidem
392 1571 586 1647 oongressu
612 1546 760 1642 habito,
791 1548 878 1622 lioet
903 1573 1060 1623 numero
1078 1550 1189 1652 louge

204 1667 379 1766 interior,
406 1669 563 1746 multam
588 1669 732 1746 cladem
763 1669 927 1746 hostium
953 1672 1093 1768 edidit,
1123 1673 1189 1753 sed

206 1803 334 1866 tamen
358 1790 514 1891 ghriam
535 1795 698 1868 victorio
715 1809 909 1894 superatus
934 1798 1068 1870 amisit.
1094 1797 1189 1868 Nam

207 1915 291 1988 sine
305 1915 457 1991 oonsilio
474 1913 655 1990 fortitudo
674 1920 715 1988 iu
739 1919 983 1991 temeritatem
1001 1919 1191 1991 eonverti-

210 2048 287 2110 tur.
321 2039 395 2130 Qui
430 2036 634 2136 transfugio
662 2037 732 2110 sibi
759 2039 950 2112 consulere
986 2041 1188 2130 aestimans,

213 2159 304 2256 quia
317 2172 414 2234 terra
429 2155 586 2234 evadere
601 2183 677 2232 uon
694 2172 834 2258 posset,
852 2157 1026 2232 velociter
1038 2183 1075 2232 se
1092 2161 1191 2234 misit

209 2282 254 2354 iu
265 2280 1190 2383 mari‚visamquenuvioulamiuimioorum‚quam

212 2417 348 2504 praeter
370 2403 487 2482 ultam
510 2405 756 2504 suspicionem
784 2403 878 2478 forte
902 2429 979 2478 non
1007 2407 1140 2507 procul
1169 2435 1189 2485 a

210 2527 337 2602 littore
348 2539 603 2628 conspexerat,
620 2527 746 2620 alacri,
761 2525 825 2602 sed
842 2541 878 2600 et
891 2525 1109 2603 difficillimo
1126 2557 1191 2604 na·

209 2663 296 2724 tatu
319 2649 496 2724 aseendit.
527 2653 638 2724 Hunc
655 2652 756 2724 euim
771 2652 851 2748 jam
871 2675 967 2749 peuo
986 2651 1191 2751 lapsabun-

66 2785 72 2791 “
211 2769 309 2847 dum
323 2774 484 2848 miserati
498 2774 672 2871 remiges,
687 2769 839 2846 admoto
852 2773 999 2872 navigio
1016 2797 1191 2876 suscepe-

212 2894 1192 2997 runt,longequedissimssemetignotumarbitruutes,

213 3043 341 3094 causas
366 3019 561 3096 infortunii
587 3034 824 3120 rogaverunt.
846 3019 912 3092 Ille
929 3043 1018 3094 vero
1039 3019 1191 3094 taudem

214 3165 345 3218 eorum
362 3142 520 3218 barbara
533 3143 778 3218 collocutione
799 3139 994 3218 advertens
1014 3165 1052 3216 se
1072 3141 1193 3216 hosti-

197 3247 291 3336 'bus
302 3267 446 3341 incaute
460 3266 647 3358 oblatum,
662 3289 750 3338 rnox
765 3289 844 3363 proe
856 3261 1056 3336 formidine
1067 3262 1193 3338 fallere

216 3385 366 3484 doetus,
405 3405 535 3492 utpote
574 3391 672 3462 inter
707 3385 829 3464 hostes
854 3387 939 3460 vitae
973 3385 1191 3486 naufragus,

214 3537 369 3614 quoquo
387 3513 500 3586 modo
514 3515 638 3613 potuit
665 3513 844 3587 evasionis
870 3535 979 3612 opem
1009 3511 1190 3612 quaesivit.

213 3638 341 3712 Finxit
356 3639 458 3710 enim
476 3661 513 3712 se
534 3633 722 3736 quendam
740 3634 819 3708 fore
839 3631 1030 3711 hominem
1051 3661 1094 3710 ex
1115 3638 1195 3736 ipsa

213 3761 299 3853 Bar,
319 3762 507 3834 maritima
535 3759 641 3852 urbe,
673 3757 800 3832 multis
813 3755 946 3860 opibus
961 3755 1192 3848 affluentem,

214 3909 349 3959 verum
368 3909 491 3958 errore
508 3885 578 3960 viae
596 3882 764 3958 incidisse
778 3881 1026 3979 naufragium.
1044 3877 1130 3949 Illos
1143 3891 1196 3950 ta·

213 4033 304 4086 men
335 4005 496 4086 ditatum
529 4010 576 4082 iri
606 4033 675 4109 pro
702 4003 952 4108 compendio,
978 4003 1008 4075 si
1036 4000 1193 4076 illaesum
