2902 4972
638 499 1085 511 —.--————-—.

442 548 484 592 au
511 546 631 594 curun.
660 547 754 592 utun.
1030 541 1086 596 58⁷

159 717 240 814 lpso
254 737 405 813 quoque
423 729 609 814 tempore,
633 715 841 786 Honorium
862 725 999 816 papam
1012 721 1089 790 llo-

113 859 180 907 mae
194 849 306 909 noctu
316 833 551 924 defunctum,
560 857 644 933 pars
651 829 822 935 quaedam
830 836 1088 933 cardinalium,

112 982 194 1029 mox
208 943 247 1028 in
263 959 344 1056 ipso
357 951 573 1056 crepusculo
587 955 698 1058 lueis,
716 959 819 1056 qrrasi
834 957 969 1031 furtive
985 985 1091 1060 sepe-

110 1079 267 1170 lierunt,
292 1092 331 1150 et
353 1103 472 1152 unum
492 1103 534 1150 ex
558 1081 650 1171 suis,
667 1081 910 1176 Gregorium‚
930 1105 1042 1180 quem
1055 1097 1091 1156 et
1126 1173 1131 1182 x

110 1203 370 1275 Innocentium
399 1215 642 1294 vocaverunt,
667 1205 706 1272 in
732 1199 909 1274 cathedra
922 1205 1090 1278 Romana

109 1327 354 1398 constituunt.
379 1322 488 1418 Quod
509 1325 572 1397 ubi
594 1322 798 1399 cardinales
820 1329 962 1419 caeteri,
983 1353 1091 1428 part-

109 1471 184 1546 que
198 1449 334 1522 civium
347 1461 624 1548 compererunt,
648 1452 785 1549 raptim
804 1451 1083 1545 convenientes,

109 1571 243 1672 sepulti
257 1595 390 1671 eorpus
406 1557 601 1664 effodiunt,
615 1597 657 1646 ao
674 1571 799 1645 debita
815 1571 955 1652 funeris
969 1573 1089 1649 officia

111 1694 355 1793 complentes,
380 1694 579 1795 apostolico
606 1721 709 1768 more
739 1693 863 1767 denuo
890 1697 1089 1796 sepeliunt.

111 1821 162 1889 Ao
175 1813 311 1888 deinde
325 1841 445 1888 unum
463 1841 505 1889 ex
519 1819 615 1909 suis,
634 1816 772 1890 scilieet
785 1820 935 1888 Petrum
959 1821 1093 1891 Leonir

112 1965 222 2038 quern
237 1954 275 2012 et
294 1939 511 2012 Anacletum
523 1939 672 2028 dicunt,
692 1965 829 2042 papam
843 1944 1087 2014 constituunt.

112 2063 158 2134 Et
171 2065 223 2135 sic
239 2075 416 2161 uterque,
440 2061 503 2134 ille
525 2051 662 2134 acilioet
678 2075 715 2133 et
730 2059 929 2160 praedictus
943 2063 1090 2160 Grego-

113 2185 205 2276 rius,
228 2207 323 2258 ausu
348 2181 490 2255 nefario
517 2181 640 2255 sedem
666 2194 828 2254 sanctam
853 2181 923 2253 sibi
943 2207 1019 2254 non
1041 2199 1093 2256 est

113 2309 291 2380 reveritus
321 2331 513 2406 usurpare.
541 2309 735 2380 Commota
765 2287 870 2404 'plebe
897 2305 1089 2402 Romana,

114 2423 202 2502 dum
221 2427 387 2502 duorum
396 2429 632 2512 ‚contentioni
648 2429 806 2528 turpiter
821 2426 1010 2501 adulando
1030 2429 1091 2502 bi-

70 2573 77 2584 ·
113 2553 246 2650 pertita
261 2549 440 2624 seditione
455 2551 717 2643 tumultuatur,
733 2551 963 2626 multaetiunt
977 2553 1093 2628 oaeder

115 2671 332 2770 homiuum5
349 2687 385 2746 et
406 2683 478 2774 pto'
499 2673 704 2773 pontificali
727 2669 811 2745 sede
832 2671 1090 2774 adipiscenda,

113 2797 150 2867 in
165 2799 247 2898 ipso
263 2795 392 2896 templi
406 2795 510 2870 aditu
527 2795 729 2871 execranda
743 2811 1004 2898 perpetrantur
1020 2795 1095 2870 ho-

114 2921 278 2994 micidia.
298 2921 329 2990 0
343 2913 504 2993 dolenda
521 2919 749 2994 ecclesiastici
764 2917 904 2994 ordinis
926 2921 1090 2994 miseria!

113 3047 141 3114 0
155 3041 375 3118 miserabilis
389 3057 424 3116 et
438 3069 530 3117 caeca
546 3039 777 3131 literatorum
791 3041 982 3136 vecordia,
1000 3045 1091 3120 dum

111 3169 219 3268 periti
237 3149 375 3240 divinae
395 3165 483 3265 legis
505 3167 704 3259 violenter,
729 3192 796 3238 uec
816 3167 893 3238 sine
909 3147 1093 3242 ⁴effusione

111 3293 321 3392 sanguinis,
354 3304 509 3364 rectores
536 3289 694 3379 eeclesiae
726 3283 894 3362 affectant
925 3315 1024 3382 esse,
1058 3307 1094 3364 et

112 3415 215 3515 quod
242 3415 391 3515 gravius
415 3427 487 3507 est,
518 3409 728 3514 apostolici!
757 3413 822 3484 His
849 3415 900 3484 ita
913 3411 1094 3514 'sacrilego

111 3539 245 3640 spiritu
257 3531 872 3632 concertantibus,altereorum,id
885 3549 937 3608 eat
950 3537 1092 3634 Petrus,

110 3657 257 3736 fortiori
284 3663 537 3735 Romanorum
566 3685 700 3760 genere
719 3659 949 3758 praevalens,
972 3659 1095 3736 sedem

111 3787 291 3861 obtinuit.
315 3786 416 3859 Alter
443 3813 550 3879 vero,
578 3784 619 3858 id
639 3796 692 3857 est
705 3783 924 3882 Gregorius,
942 3769 1094 3857 alloma

112 3909 329 4011 diffugiens,
348 3913 388 3982 in
405 3908 541 3982 Gallias
554 3905 720 4002 devenit,
739 3922 775 3982 et
789 3934 811 3980 a
826 3910 1095 3981 Remensi'me-

112 4035 362 4136 napolitano,
385 4035 615 4132 maximeque
635 4033 767 4107 abbate
786 4028 1028 4123 Claraerallis,
1052 4043 1102 4100 ut
