3088 4968
539 535 631 580 umus
652 533 780 580 numos.
922 521 925 531 '
1001 561 1005 570 .
1110 527 1149 580 45

162 705 202 776 S·
221 699 389 792 Vedassi,
409 721 571 774 necnon
587 711 625 770 et
643 697 878 770 veneratione
897 697 1011 796 ipsius
1037 721 1148 774 sacros

160 826 333 922 virginis.
353 827 461 898 Tunc
475 822 643 896 funestus
664 818 843 912 carnifex,
863 817 1036 894 dentibus
1050 819 1148 896 fren-

161 945 285 1038 dens,
324 947 519 1045 evaginato
555 941 680 1042 gladio
707 967 916 1042 percussam
949 943 1144 1020 interfecit.

161 1072 243 1163 Qui
265 1094 375 1160 mox,
406 1082 449 1140 ut
475 1070 690 1167 sanguinem
719 1068 872 1166 virginis
901 1065 1016 1160 vidit,
1046 1070 1147 1166 justo

160 1193 239 1266 Dei
255 1190 402 1292 judicio
421 1217 536 1266 caecus
556 1189 672 1264 factus
693 1203 761 1264 est.
781 1189 1005 1292 sepultaque
1024 1205 1077 1264 est
1106 1194 1147 1265 in

162 1315 319 1390 basilica
342 1315 537 1389 beatorum
562 1313 813 1414 apostolorum
835 1316 933 1408 Petri
960 1328 996 1388 et
1019 1315 1144 1405 Pauli,

161 1441 358 1539 sanctique
386 1439 537 1538 Sulpicii
564 1437 796 1528 confessoris,
821 1463 905 1536 quoe
937 1450 1147 1512 constructa

162 1574 215 1636 cst
238 1563 280 1636 in
301 1561 391 1634 villa
406 1585 490 1660 quae
502 1573 656 1634 vocatur
684 1558 919 1633 Pomerioles.

457 1777 617 1960 iiop.
675 1833 855 1918 xxiv.

170 2093 247 2145 QUOD
276 2091 394 2134 uiros
420 2089 575 2130 mscorus
592 2087 723 2126 mmm
743 2086 855 2128 00!va
872 2089 912 2128 An
927 2089 1027 2130 LOGUM
1048 2093 1146 2134 munn-

254 2171 412 2214 mssfflssfl
423 2169 565 2212 [Bm-1¹1⁴,
578 2167 616 2206 tr
630 2165 797 2208 nmmos
811 2167 910 2208 LUUEN
926 2170 1057 2210 nucem.

170 2359 369 2470 Turnum
404 2413 494 2467 vero
524 2391 668 2491 expleto
697 2405 781 2490 post
809 2395 1015 2492 passionem
1044 2397 1143 2494 ejus,

167 2515 340 2617 quedem
357 2530 529 2590 matrona
545 2515 699 2606 nobilis,
724 2518 875 2590 nomine
895 2517 1142 2612 Amaltrudis,

166 2664 255 2716 voce
270 2639 401 2714 divina
424 2641 650 2712 commonita
664 2652 718 2712 est
732 2652 776 2710 ut
795 2641 836 2712 B.
855 2639 1141 2734 vindicianum,

167 2767 468 2838 Cameracensem
495 2765 731 2864 episcopum,
765 2760 867 2836 adire
903 2761 1072 2858 deberet,
1102 2779 1145 2838 ut

167 2889 264 2988 ipse,
280 2911 368 2960 cum
385 2886 481 2960 clero
494 2910 562 2958 suo
576 2884 732 2985 aeplebe
748 2887 888 2978 vicina,
906 2912 1049 2960 sacrum
1057 2913 1144 2964 cor·-

167 3036 237 3110 pus
264 3009 314 3083 ad
339 2999 463 3083 locum
484 3008 748 3082 interfectionis
768 3033 854 3082 cum
869 3035 1015 3084 summa
1029 3037 1144 3086 vene-

169 3135 310 3208 ratione
325 3131 495 3225 referret,
513 3135 603 3231 quia
621 3133 746 3206 locum
769 3133 877 3206 illum
890 3135 1076 3210 Dominus
1088 3139 1148 3209 si-'

172 3257 251 3350 gnis
277 3271 314 3328 et
338 3254 525 3330 miraculis
546 3253 747 3328 clarificare
773 3254 1015 3354 disposuerat.
1034 3259 1145 3349 Quod

171 3377 212 3448 B.
237 3379 400 3478 pontifex
423 3401 528 3467 mox,
552 3387 596 3446 ut
617 3375 806 3448 referentis
836 3377 949 3450 verba
983 3377 1144 3472 audivit,

169 3502 322 3602 implere
336 3506 492 3578 curavit.
519 3504 634 3575 Porro
649 3497 864 3574 Harduinus
889 3504 955 3602 qui
974 3527 1055 3576 eam
1085 3505 1147 3576 in-

168 3624 377 3720 terfecerat,
393 3626 687 3702 licetmiserrime
695 3638 732 3696 et
745 3649 831 3698 oum
839 3628 1062 3726 ignominia,
1082 3627 1147 3704 ad·

169 3743 244 3823 huc
268 3751 309 3822 in
332 3752 505 3824 coecitatis
526 3774 601 3824 sure
630 3747 789 3822 tenebris
805 3751 964 3826 vivebat.
988 3754 1079 3846 Qui,
1105 3767 1147 3822 ut

168 3893 314 3946 sacrum
334 3876 487 3972 virginis
511 3895 645 3972 corpus
673 3870 721 3944 ad
749 3871 873 3946 locum
901 3887 1147 3946 memoratum

169 3993 297 4070 referri
310 3995 474 4090 audivit,
498 3995 678 4071 damnans
711 4011 747 4070 et
775 4021 1037 4095 recognoscens
1060 4023 1148 4096 pec-
