2932 4974
551 494 648 540 nmen
664 492 792 540 mnus.
1089 485 1144 541 ¹95

154 651 243 732 lem
269 661 334 758 qui
361 672 451 732 tunc
475 661 653 757 temporis
676 657 834 729 eoelesiae
859 673 1042 756 preerat,
1075 683 1144 732 suo

160 781 338 873 oonsilio,
357 781 490 854 oblatis
509 779 745 870 muneribus,
767 775 912 851 flectere
935 785 1142 856 estimavit.

161 901 279 976 lllum
306 928 472 1002 namque
496 915 533 972 et
563 904 748 974 ministros
775 903 856 999 ejus
888 905 1147 999 oppignoravit

161 1027 309 1124 pretio,
326 1037 370 1096 ut
382 1022 452 1095 sibi
467 1025 569 1121 quasi
584 1049 652 1123 per
664 1020 924 1122 prejudicium
948 1019 1114 1122 deposito
1133 1045 1148 1119 ,·

160 1145 265 1220 sorte
276 1169 444 1220 recursus
459 1143 506 1216 nd
520 1149 703 1246 privatam
718 1147 893 1242 padam,
910 1148 1026 1244 ipsius
1052 1171 1148 1222 oue-

162 1270 339 1358 ton'tate,
358 1268 727 1366 paroechianum
747 1269 826 1366 ipse
851 1263 1148 1368 archiepiscopus

161 1387 336 1485 degener
356 1391 490 1480 animi,
514 1403 552 1462 et
570 1391 738 1489 quamvis
755 1386 976 1490 suprndiotae
997 1389 1149 1463 institu-

163 1511 284 1583 tionis
294 1510 522 1584 consultibus
535 1509 779 1611 prejudicare
791 1512 897 1584 nullo
914 1511 1029 1584 modo
1045 1512 1150 1586 vele-

165 1646 249 1726 ret,
268 1645 392 1708 tamen
409 1632 595 1709 donorum
604 1636 760 1730 nvidus,
775 1636 975 1736 recipiebat
982 1617 1117 1710 ¹oblata
1135 1657 1158 1732 ·,··

167 1781 250 1832 suae
267 1752 420 1854 quidem
441 1760 603 1831 avaritie
627 1761 742 1856 magis
761 1781 874 1858 quam
896 1757 996 1830 illius
1012 1782 1151 1831 consu-

167 1879 255 1952 lens
266 1901 396 1950 causae.
415 1881 459 1949 ln
476 1882 581 1978 cujus
599 1879 753 1953 ferendo
772 1879 944 1976 suffragio
965 1877 1058 1950 dum
1077 1878 1151 1950 ali-

170 2013 316 2099 quanto
331 2003 508 2100 temporis
521 2003 765 2073 intentionem
786 2003 864 2098 spei
882 1998 1149 2096 suspenderet,
1290 2003 1294 2013 '
1349 2099 1353 2106 Ι

168 2125 219 2194 in
232 2123 308 2219 ipsa
319 2121 413 2195 urbe
437 2137 588 2220 turpem
608 2121 923 2193 conversationem
944 2119 1093 2216 agebat,
1116 2133 1155 2192 et

169 2267 263 2318 cum
289 2241 429 2316 Judaeis
457 2243 604 2338 negotia
625 2240 825 2314 exercebat.
852 2241 1005 2312 Interim
1027 2249 1163 2315 tamen

170 2365 287 2436 miser
298 2375 418 2436 morte
434 2377 643 2464 preventus
650 2367 667 2456 ,'
687 2361 816 2437 divine
834 2361 975 2434 ultione
996 2387 1152 2462 percus-

168 2510 254 2579 sus,
274 2488 533 2586 impoenitem,
548 2511 616 2563 uec
632 2485 835 2579 confessus,
848 2483 950 2561 diem
965 2485 1070 2559 obiit.

445 2718 603 2899 Qiap.
661 2737 884 2896 'curn¹

357 3015 362 3028 ·
414 3020 454 3064 ns
471 3019 561 3062 unnu
574 2987 714 3060 wlurmu
727 3015 919 3058 msrnnmm.

175 3199 349 3310 lineum
365 3234 565 3308 ·Walterus
601 3229 818 3302 castellanus
848 3225 951 3322 gravi
979 3226 1158 3325 languore

175 3370 387 3457 correptus,
408 3354 503 3427 facta
525 3351 727 3449 legatione,
752 3349 967 3446 episcopum
989 3361 1158 3445 precatus

176 3490 255 3570 est,
272 3490 316 3550 ut
328 3475 406 3548 filio
418 3499 485 3548 suo
497 3473 660 3545 Waltero
677 3485 817 3543 terram
829 3493 933 3540 suam
957 3467 1158 3542 beneficia-

174 3614 257 3692 ret,
275 3601 383 3698 eique
396 3598 513 3689 filius,
529 3595 629 3670 salvo
645 3619 715 3668 usu
730 3601 893 3693 paternae
914 3589 1127 3666 hereditatis
1143 3646 1153 3684 ,

177 3719 376 3796 militaret.
391 3723 593 3821 Episcopus
611 3743 699 3792 vero
721 3729 825 3816 patre
846 3715 1090 3806 intolerabili,
1111 3714 1162 3784 fi-

176 3845 278 3920 lium
292 3842 426 3944 procul
440 3839 766 3916 intolerabiliorem
786 3836 983 3929 futurum,
1006 3849 1050 3906 ut
1073 3857 1163 3931 pos-

180 3982 242 4040 tea
260 3965 435 4068 probavit
448 3977 618 4060 eventus,
640 3963 866 4052 existimans,
887 3953 992 4058 quod
1010 3953 1163 4056 rogaba-

953 4078 1012 4150 13¹
