3044 4968
353 551 625 568 ..Ἠ

358 595 415 670 152
658 600 778 648 ennon.
796 599 875 648 esu.
898 601 940 646 rr
957 598 1035 645 nnn.

355 788 422 864 per
439 761 536 836 hane
551 764 713 861 apertius
730 764 940 861 certiusque
957 761 1115 834 clamare
1132 757 1338 834 videretur.

356 888 539 979 Quocum
552 889 769 984 perveniens
783 883 880 960 etad
895 880 1139 960 evolvendam
1154 881 1339 956 declama·

354 1010 495 1084 tionem
512 1023 677 1108 paratus,
692 1007 859 1087 chartam
873 1007 1065 1108 capellano
1081 1021 1250 1103 rogaret,
1275 1009 1341 1080 ni·-

355 1133 494 1204 mirum
510 1155 548 1202 se
562 1127 676 1204 herile
691 1143 918 1232 praeceptum
944 1128 1125 1201 oblivioni
1146 1125 1339 1201 tradidisse

356 1252 568 1344 advertens,
589 1255 730 1350 ingenti
746 1266 896 1353 stupore
914 1250 1085 1348 diriguit,
1111 1247 1341 1350 tandemque

356 1399 393 1450 se
407 1374 566 1449 oblitum
580 1375 689 1451 fuisse
703 1373 907 1474 respondit.
924 1370 1032 1448 Unde
1049 1371 1223 1476 eenfusus
1243 1374 1339 1471 epis-

358 1522 473 1596 copus
486 1495 535 1570 ad
550 1523 616 1572 sua
632 1500 826 1590 remeavit,
850 1496 995 1596 hoeque
1019 1479 1256 1594 impatienter
1279 1495 1340 1568 fe-

357 1643 461 1712 rens,
481 1618 672 1717 capellano
688 1618 896 1713 ecelesiam,
916 1644 1000 1719 quae
1018 1631 1071 1691 est
1089 1621 1129 1691 in
1150 1615 1239 1690 villa
1255 1617 1341 1689 Sal·-

357 1739 475 1836 liaeo,
493 1741 658 1818 abstulit.

616 1907 801 2092 biart(
833 1932 1094 2041 nx'xxvr.

358 2176 481 2222 (Mum
491 2179 564 2222 ΝΙΙ
572 2177 916 2225 1nensnrtttsrrrscurns.
924 2178 963 2217 n
972 2177 1111 2218 munero
1119 2177 1346 2221 ΝΟΠΟΙΞΝΜὈΙ

693 2257 830 2298 BPISCOEO
843 2255 997 2297 marus.

360 2380 543 2504 Damus
560 2440 661 2508 vero,
679 2441 765 2489 curn
781 2417 1045 2488 monasterium
1060 2419 1096 2489 S.
1114 2420 1237 2494 Mariae
1254 2446 1346 2506 curn

359 2541 472 2610 totius
485 2534 598 2610 studii
607 2539 775 2610 accinctu
783 2519 1104 2610 adoceidentalem
1112 2539 1259 2640 plagam
1267 2569 1348 2616 am-

358 2659 505 2760 pliaret‚
519 2657 637 2758 culpis
648 2657 801 2758 quidem
814 2661 952 2733 civium
964 2661 1210 2757 exigentibus,
1224 2663 1346 2738 morte

358 2795 590 2883 praeventus,
623 2807 716 2881 opus
738 2781 995 2881 imperfectum
1018 2783 1188 2882 reliquit,
1220 2787 1346 2862 trien-

359 2907 498 3003 nioque
512 2905 698 2976 eeclesiam
714 2903 943 2998 moderatus,
961 2907 1132 3003 migravit
1148 2903 1196 2977 ad
1212 2905 1346 2980 Chris·-

361 3041 456 3100 tum.
482 3029 601 3138 Hujus
621 3025 836 3099 funebritati
858 3027 1024 3100 interfuit
1042 3027 1242 3122 Hadulfus‚
1260 3031 1347 3102 No-

361 3151 558 3222 viomensis
575 3151 787 3249 episeopus,
808 3151 872 3247 qui
892 3175 979 3220 eum
1000 3153 1040 3222 in
1063 3149 1282 3222 monasterio
1302 3153 1343 3221 S.

361 3273 431 3344 Dei
457 3273 643 3370 genitricis
667 3270 715 3345 ad
744 3271 938 3347 australem
965 3287 1110 3374 partem
1136 3261 1348 3346 honorifice

362 3395 541 3497 sepelivit.
793 3391 796 3398 ⁴

606 3559 774 3743 libert.
820 3613 1110 3693 Lxxxvn.

365 3829 435 3872 mc
444 3827 585 3872 SUCOEDIT
599 3829 630 3870 nt
641 3827 792 3870 ermenero
810 3830 978 3872 ANSBEM'UB
987 3832 1037 3882 QUI
1049 3833 1080 3874 nt
1088 3831 1230 3876 mcum
1246 3833 1268 3876 Ι.
1278 3833 1355 3902 m:

577 3907 752 3952 ΒΙΜΙΟΩΤΟ
766 3906 930 3952 monicus
945 3905 1129 3952 cenarum.

370 4048 569 4177 saeuiret
598 4087 822 4182 rimbertus,
857 4091 917 4194 vir
945 4087 1116 4166 videlieet
1143 4085 1354 4162 literalibus
