<?xml version="1.0" encoding="UTF-8"?>
<!DOCTYPE html PUBLIC "-//W3C//DTD XHTML 1.0 Transitional//EN"
    "http://www.w3.org/TR/xhtml1/DTD/xhtml1-transitional.dtd">
<html xmlns="http://www.w3.org/1999/xhtml" xml:lang="en" lang="en">
 <head>
  <title>
</title>
<meta http-equiv="Content-Type" content="text/html;charset=utf-8" />
  <meta name='ocr-system' content='tesseract 3.04.00' />
  <meta name='ocr-capabilities' content='ocr_page ocr_carea ocr_par ocr_line ocrx_word'/>
</head>
<body>
  <div class='ocr_page' id='page_1' title='image "./chroniquedarras00glaygoog_0196.png"; bbox 0 0 3044 4968; ppageno 0'>
   <div class='ocr_carea' id='block_1_1' title="bbox 387 493 1067 586">
    <p class='ocr_par' dir='ltr' id='par_1_1' title="bbox 387 493 1067 586">
     <span class='ocr_line' id='line_1_1' title="bbox 387 493 1067 586; baseline -0.004 0"><span class='ocrx_word' id='word_1_1' title='bbox 387 493 444 586; x_wconf 68' lang='lat' dir='ltr'><strong>s&#39;ss</strong></span> <span class='ocrx_word' id='word_1_2' title='bbox 696 537 816 586; x_wconf 77' lang='lat' dir='ltr'><strong>omos.</strong></span> <span class='ocrx_word' id='word_1_3' title='bbox 836 537 916 586; x_wconf 81' lang='lat' dir='ltr'><strong>osu.</strong></span> <span class='ocrx_word' id='word_1_4' title='bbox 934 539 978 586; x_wconf 81' lang='lat' dir='ltr'><strong>ur</strong></span> <span class='ocrx_word' id='word_1_5' title='bbox 990 538 1067 584; x_wconf 74' lang='lat' dir='ltr'><strong>sm.</strong></span> 
     </span>
    </p>
   </div>
   <div class='ocr_carea' id='block_1_2' title="bbox 726 747 991 933">
    <p class='ocr_par' dir='ltr' id='par_1_2' title="bbox 726 747 991 933">
     <span class='ocr_line' id='line_1_2' title="bbox 726 747 991 933; baseline -0.004 -39"><span class='ocrx_word' id='word_1_6' title='bbox 726 747 890 933; x_wconf 72' lang='lat' dir='ltr'><strong>cap.</strong></span> <span class='ocrx_word' id='word_1_7' title='bbox 944 803 991 878; x_wconf 82' lang='lat' dir='ltr'><strong>c·</strong></span> 
     </span>
    </p>
   </div>
   <div class='ocr_carea' id='block_1_3' title="bbox 384 1039 1364 1164">
    <p class='ocr_par' dir='ltr' id='par_1_3' title="bbox 384 1039 1364 1164">
     <span class='ocr_line' id='line_1_3' title="bbox 384 1039 1364 1092; baseline 0.001 -6"><span class='ocrx_word' id='word_1_8' title='bbox 384 1041 517 1086; x_wconf 67' lang='grc' dir='ltr'><strong>ΙΛΙΙΟΒἩΙ</strong></span> <span class='ocrx_word' id='word_1_9' title='bbox 532 1041 593 1086; x_wconf 71' lang='lat' dir='ltr'><strong>nux</strong></span> <span class='ocrx_word' id='word_1_10' title='bbox 606 1039 700 1085; x_wconf 67' lang='lat' dir='ltr'>CAUSA</span> <span class='ocrx_word' id='word_1_11' title='bbox 716 1039 865 1084; x_wconf 59' lang='lat' dir='ltr'><strong>115lele</strong></span> <span class='ocrx_word' id='word_1_12' title='bbox 878 1041 1061 1084; x_wconf 71' lang='lat' dir='ltr'><strong>umnam!</strong></span> <span class='ocrx_word' id='word_1_13' title='bbox 1076 1041 1234 1085; x_wconf 71' lang='lat' dir='ltr'><strong>lliflfflw!</strong></span> <span class='ocrx_word' id='word_1_14' title='bbox 1245 1069 1253 1092; x_wconf 84' lang='lat'><strong>.</strong></span> <span class='ocrx_word' id='word_1_15' title='bbox 1265 1041 1364 1086; x_wconf 75' lang='grc' dir='ltr'><strong>ΙΙΜΑ</strong></span> 
     </span>
     <span class='ocr_line' id='line_1_4' title="bbox 765 1121 983 1164; baseline -0.014 0"><span class='ocrx_word' id='word_1_16' title='bbox 765 1121 849 1164; x_wconf 67' lang='lat' dir='ltr'><strong>EAM</strong></span> <span class='ocrx_word' id='word_1_17' title='bbox 874 1121 983 1163; x_wconf 59' lang='lat' dir='ltr'><strong>Emit.</strong></span> 
     </span>
    </p>
   </div>
   <div class='ocr_carea' id='block_1_4' title="bbox 380 1293 1362 4139">
    <p class='ocr_par' dir='ltr' id='par_1_4' title="bbox 380 1293 1362 4139">
     <span class='ocr_line' id='line_1_5' title="bbox 385 1293 1362 1436; baseline 0.001 -26"><span class='ocrx_word' id='word_1_18' title='bbox 385 1293 490 1434; x_wconf 72' lang='lat' dir='ltr'><strong>Quo</strong></span> <span class='ocrx_word' id='word_1_19' title='bbox 502 1334 1249 1436; x_wconf 78' lang='lat' dir='ltr'><strong>defuncto,multoasperioris&#39;pestilentiae</strong></span> <span class='ocrx_word' id='word_1_20' title='bbox 1260 1359 1362 1411; x_wconf 83' lang='lat' dir='ltr'><strong>cauta</strong></span> 
     </span>
     <span class='ocr_line' id='line_1_6' title="bbox 385 1457 1362 1560; baseline 0 -26"><span class='ocrx_word' id='word_1_21' title='bbox 385 1461 568 1552; x_wconf 83' lang='lat' dir='ltr'><strong>exoritur,</strong></span> <span class='ocrx_word' id='word_1_22' title='bbox 589 1459 710 1532; x_wconf 89' lang='lat' dir='ltr'><strong>multo</strong></span> <span class='ocrx_word' id='word_1_23' title='bbox 727 1457 1091 1558; x_wconf 70' lang='lat' dir='ltr'><strong>tempestuosioribus</strong></span> <span class='ocrx_word' id='word_1_24' title='bbox 1110 1459 1285 1560; x_wconf 87' lang='lat' dir='ltr'><strong>procellis</strong></span> <span class='ocrx_word' id='word_1_25' title='bbox 1304 1483 1362 1534; x_wconf 90' lang='lat' dir='ltr'><strong>eo-</strong></span> 
     </span>
     <span class='ocr_line' id='line_1_7' title="bbox 386 1579 1360 1683; baseline -0.004 -25"><span class='ocrx_word' id='word_1_26' title='bbox 386 1583 495 1658; x_wconf 88' lang='lat' dir='ltr'><strong>olesia</strong></span> <span class='ocrx_word' id='word_1_27' title='bbox 532 1583 852 1657; x_wconf 77' lang='lat' dir='ltr'><strong>cameracensium</strong></span> <span class='ocrx_word' id='word_1_28' title='bbox 885 1579 1141 1680; x_wconf 70' lang='lat' dir='ltr'><strong>naufragatur.</strong></span> <span class='ocrx_word' id='word_1_29' title='bbox 1173 1581 1360 1683; x_wconf 82' lang='lat' dir='ltr'><strong>Siquidem</strong></span> 
     </span>
     <span class='ocr_line' id='line_1_8' title="bbox 385 1702 1358 1804; baseline 0 -26"><span class='ocrx_word' id='word_1_30' title='bbox 385 1706 632 1804; x_wconf 79' lang='lat' dir='ltr'><strong>imperatore</strong></span> <span class='ocrx_word' id='word_1_31' title='bbox 654 1702 792 1778; x_wconf 88' lang='lat' dir='ltr'><strong>finibus</strong></span> <span class='ocrx_word' id='word_1_32' title='bbox 812 1704 870 1776; x_wconf 90' lang='lat' dir='ltr'><strong>sui</strong></span> <span class='ocrx_word' id='word_1_33' title='bbox 893 1706 998 1802; x_wconf 74' lang='lat' dir='ltr'><strong>regni</strong></span> <span class='ocrx_word' id='word_1_34' title='bbox 1018 1703 1151 1804; x_wconf 90' lang='lat' dir='ltr'><strong>procul</strong></span> <span class='ocrx_word' id='word_1_35' title='bbox 1173 1719 1358 1796; x_wconf 85' lang='lat' dir='ltr'><strong>remotus,</strong></span> 
     </span>
     <span class='ocr_line' id='line_1_9' title="bbox 383 1823 1360 1928; baseline -0.001 -27"><span class='ocrx_word' id='word_1_36' title='bbox 383 1851 496 1926; x_wconf 86' lang='lat' dir='ltr'><strong>super</strong></span> <span class='ocrx_word' id='word_1_37' title='bbox 513 1826 724 1919; x_wconf 76' lang='lat' dir='ltr'><strong>Sclavoms,</strong></span> <span class='ocrx_word' id='word_1_38' title='bbox 755 1850 848 1926; x_wconf 86' lang='lat' dir='ltr'><strong>quos</strong></span> <span class='ocrx_word' id='word_1_39' title='bbox 874 1823 1071 1900; x_wconf 82' lang='lat' dir='ltr'><strong>adversum</strong></span> <span class='ocrx_word' id='word_1_40' title='bbox 1099 1827 1213 1919; x_wconf 86' lang='lat' dir='ltr'><strong>ierat,</strong></span> <span class='ocrx_word' id='word_1_41' title='bbox 1247 1849 1360 1928; x_wconf 83' lang='lat' dir='ltr'><strong>expu-</strong></span> 
     </span>
     <span class='ocr_line' id='line_1_10' title="bbox 386 1945 1360 2049; baseline -0.002 -27"><span class='ocrx_word' id='word_1_42' title='bbox 386 1947 574 2048; x_wconf 75' lang='lat' dir='ltr'><strong>gnandos,</strong></span> <span class='ocrx_word' id='word_1_43' title='bbox 600 1947 836 2040; x_wconf 82' lang='lat' dir='ltr'><strong>morabatur,</strong></span> <span class='ocrx_word' id='word_1_44' title='bbox 867 1945 1059 2047; x_wconf 84' lang='lat' dir='ltr'><strong>relictique</strong></span> <span class='ocrx_word' id='word_1_45' title='bbox 1085 1950 1274 2049; x_wconf 88' lang='lat' dir='ltr'><strong>principes</strong></span> <span class='ocrx_word' id='word_1_46' title='bbox 1291 1949 1360 2020; x_wconf 90' lang='lat' dir='ltr'><strong>Lo-</strong></span> 
     </span>
     <span class='ocr_line' id='line_1_11' title="bbox 386 2068 1359 2173; baseline -0.004 -25"><span class='ocrx_word' id='word_1_47' title='bbox 386 2071 629 2148; x_wconf 86' lang='lat' dir='ltr'><strong>thariensium</strong></span> <span class='ocrx_word' id='word_1_48' title='bbox 657 2069 839 2173; x_wconf 82' lang='lat' dir='ltr'><strong>quidnam</strong></span> <span class='ocrx_word' id='word_1_49' title='bbox 869 2068 916 2145; x_wconf 92' lang='lat' dir='ltr'><strong>dc</strong></span> <span class='ocrx_word' id='word_1_50' title='bbox 942 2073 1173 2146; x_wconf 83' lang='lat' dir='ltr'><strong>restitutione</strong></span> <span class='ocrx_word' id='word_1_51' title='bbox 1202 2075 1359 2173; x_wconf 87' lang='lat' dir='ltr'><strong>episcopi</strong></span> 
     </span>
     <span class='ocr_line' id='line_1_12' title="bbox 385 2192 1359 2295; baseline -0.001 -27"><span class='ocrx_word' id='word_1_52' title='bbox 385 2195 567 2290; x_wconf 89' lang='lat' dir='ltr'><strong>facerent,</strong></span> <span class='ocrx_word' id='word_1_53' title='bbox 583 2195 807 2294; x_wconf 75' lang='lat' dir='ltr'><strong>ambigebat.</strong></span> <span class='ocrx_word' id='word_1_54' title='bbox 816 2198 901 2270; x_wconf 83' lang='lat' dir='ltr'><strong>Jam</strong></span> <span class='ocrx_word' id='word_1_55' title='bbox 914 2219 1002 2268; x_wconf 88' lang='lat' dir='ltr'><strong>vero</strong></span> <span class='ocrx_word' id='word_1_56' title='bbox 1014 2192 1233 2267; x_wconf 90' lang='lat' dir='ltr'><strong>Lotharium</strong></span> <span class='ocrx_word' id='word_1_57' title='bbox 1242 2217 1359 2295; x_wconf 73' lang='lat' dir='ltr'><strong>regem</strong></span> 
     </span>
     <span class='ocr_line' id='line_1_13' title="bbox 385 2316 1354 2418; baseline -0.001 -28"><span class='ocrx_word' id='word_1_58' title='bbox 385 2341 442 2392; x_wconf 87' lang='lat' dir='ltr'><strong>res</strong></span> <span class='ocrx_word' id='word_1_59' title='bbox 462 2318 709 2392; x_wconf 69' lang='lat' dir='ltr'><strong>atrebatensis</strong></span> <span class='ocrx_word' id='word_1_60' title='bbox 732 2320 909 2418; x_wconf 89' lang='lat' dir='ltr'><strong>episcopii</strong></span> <span class='ocrx_word' id='word_1_61' title='bbox 929 2341 1124 2417; x_wconf 88' lang='lat' dir='ltr'><strong>occupasse</strong></span> <span class='ocrx_word' id='word_1_62' title='bbox 1140 2316 1354 2410; x_wconf 88' lang='lat' dir='ltr'><strong>audierant,</strong></span> 
     </span>
     <span class='ocr_line' id='line_1_14' title="bbox 385 2437 1358 2540; baseline 0.003 -29"><span class='ocrx_word' id='word_1_63' title='bbox 385 2437 546 2540; x_wconf 86' lang='lat' dir='ltr'><strong>ideoque</strong></span> <span class='ocrx_word' id='word_1_64' title='bbox 555 2441 663 2513; x_wconf 91' lang='lat' dir='ltr'><strong>illum</strong></span> <span class='ocrx_word' id='word_1_65' title='bbox 677 2439 845 2533; x_wconf 87' lang='lat' dir='ltr'><strong>fortasse,</strong></span> <span class='ocrx_word' id='word_1_66' title='bbox 861 2440 983 2514; x_wconf 84' lang='lat' dir='ltr'><strong>subita</strong></span> <span class='ocrx_word' id='word_1_67' title='bbox 990 2441 1218 2535; x_wconf 86' lang='lat' dir='ltr'><strong>incursione,</strong></span> <span class='ocrx_word' id='word_1_68' title='bbox 1231 2441 1358 2516; x_wconf 85' lang='lat' dir='ltr'><strong>urbem</strong></span> 
     </span>
     <span class='ocr_line' id='line_1_15' title="bbox 385 2562 1354 2662; baseline -0.001 -27"><span class='ocrx_word' id='word_1_69' title='bbox 385 2564 705 2638; x_wconf 76' lang='lat' dir='ltr'><strong>cameracensium</strong></span> <span class='ocrx_word' id='word_1_70' title='bbox 727 2587 969 2662; x_wconf 74' lang='lat' dir='ltr'><strong>pervasurum</strong></span> <span class='ocrx_word' id='word_1_71' title='bbox 996 2589 1072 2638; x_wconf 88' lang='lat' dir='ltr'><strong>esse</strong></span> <span class='ocrx_word' id='word_1_72' title='bbox 1096 2562 1354 2640; x_wconf 84' lang='lat' dir='ltr'><strong>formidabant.</strong></span> 
     </span>
     <span class='ocr_line' id='line_1_16' title="bbox 385 2683 1357 2788; baseline 0.001 -30"><span class='ocrx_word' id='word_1_73' title='bbox 385 2687 507 2778; x_wconf 88' lang='lat' dir='ltr'><strong>Quare</strong></span> <span class='ocrx_word' id='word_1_74' title='bbox 532 2686 703 2784; x_wconf 89' lang='lat' dir='ltr'><strong>comites,</strong></span> <span class='ocrx_word' id='word_1_75' title='bbox 734 2683 959 2760; x_wconf 89' lang='lat' dir='ltr'><strong>Godefridus</strong></span> <span class='ocrx_word' id='word_1_76' title='bbox 985 2684 1176 2781; x_wconf 83' lang='lat' dir='ltr'><strong>videlicet,</strong></span> <span class='ocrx_word' id='word_1_77' title='bbox 1205 2713 1284 2788; x_wconf 93' lang='lat' dir='ltr'><strong>quo</strong></span> <span class='ocrx_word' id='word_1_78' title='bbox 1303 2685 1357 2760; x_wconf 93' lang='lat' dir='ltr'><strong>di·</strong></span> 
     </span>
     <span class='ocr_line' id='line_1_17' title="bbox 383 2807 1357 2907; baseline 0.002 -28"><span class='ocrx_word' id='word_1_79' title='bbox 383 2810 523 2907; x_wconf 81' lang='lat' dir='ltr'><strong>gnitate</strong></span> <span class='ocrx_word' id='word_1_80' title='bbox 553 2831 702 2882; x_wconf 91' lang='lat' dir='ltr'><strong>morum</strong></span> <span class='ocrx_word' id='word_1_81' title='bbox 727 2807 820 2882; x_wconf 85' lang='lat' dir='ltr'><strong>alter</strong></span> <span class='ocrx_word' id='word_1_82' title='bbox 845 2807 1044 2902; x_wconf 86' lang='lat' dir='ltr'><strong>illustrior,</strong></span> <span class='ocrx_word' id='word_1_83' title='bbox 1067 2809 1160 2883; x_wconf 88' lang='lat' dir='ltr'><strong>alter</strong></span> <span class='ocrx_word' id='word_1_84' title='bbox 1184 2835 1264 2886; x_wconf 89' lang='lat' dir='ltr'><strong>non</strong></span> <span class='ocrx_word' id='word_1_85' title='bbox 1287 2819 1357 2884; x_wconf 87' lang='lat' dir='ltr'><strong>erat</strong></span> 
     </span>
     <span class='ocr_line' id='line_1_18' title="bbox 384 2930 1358 3034; baseline 0.003 -31"><span class='ocrx_word' id='word_1_86' title='bbox 384 2930 537 3004; x_wconf 88' lang='lat' dir='ltr'><strong>consilio</strong></span> <span class='ocrx_word' id='word_1_87' title='bbox 565 2931 818 3028; x_wconf 78' lang='lat' dir='ltr'><strong>praestantior,</strong></span> <span class='ocrx_word' id='word_1_88' title='bbox 841 2930 1018 3005; x_wconf 78' lang='lat' dir='ltr'><strong>Arnulfus</strong></span> <span class='ocrx_word' id='word_1_89' title='bbox 1037 2957 1207 3034; x_wconf 90' lang='lat' dir='ltr'><strong>quoque,</strong></span> <span class='ocrx_word' id='word_1_90' title='bbox 1230 2933 1358 3008; x_wconf 86' lang='lat' dir='ltr'><strong>admo-</strong></span> 
     </span>
     <span class='ocr_line' id='line_1_19' title="bbox 385 3051 1357 3158; baseline 0.007 -32"><span class='ocrx_word' id='word_1_91' title='bbox 385 3051 478 3126; x_wconf 93' lang='lat' dir='ltr'><strong>dum</strong></span> <span class='ocrx_word' id='word_1_92' title='bbox 493 3051 698 3144; x_wconf 86' lang='lat' dir='ltr'><strong>sollicitati,</strong></span> <span class='ocrx_word' id='word_1_93' title='bbox 716 3053 896 3127; x_wconf 86' lang='lat' dir='ltr'><strong>Karolum</strong></span> <span class='ocrx_word' id='word_1_94' title='bbox 909 3052 1065 3148; x_wconf 90' lang='lat' dir='ltr'><strong>ducem,</strong></span> <span class='ocrx_word' id='word_1_95' title='bbox 1082 3059 1177 3158; x_wconf 83' lang='lat' dir='ltr'><strong>regis</strong></span> <span class='ocrx_word' id='word_1_96' title='bbox 1195 3057 1357 3133; x_wconf 87' lang='lat' dir='ltr'><strong>Lothsril</strong></span> 
     </span>
     <span class='ocr_line' id='line_1_20' title="bbox 383 3176 1357 3278; baseline 0.002 -28"><span class='ocrx_word' id='word_1_97' title='bbox 383 3176 556 3268; x_wconf 88' lang='lat' dir='ltr'><strong>fratrem,</strong></span> <span class='ocrx_word' id='word_1_98' title='bbox 576 3201 688 3275; x_wconf 91' lang='lat' dir='ltr'><strong>quem</strong></span> <span class='ocrx_word' id='word_1_99' title='bbox 704 3177 790 3248; x_wconf 88' lang='lat' dir='ltr'><strong>Otto</strong></span> <span class='ocrx_word' id='word_1_100' title='bbox 806 3178 1009 3278; x_wconf 87' lang='lat' dir='ltr'><strong>imperator</strong></span> <span class='ocrx_word' id='word_1_101' title='bbox 1029 3180 1156 3253; x_wconf 87' lang='lat' dir='ltr'><strong>multis</strong></span> <span class='ocrx_word' id='word_1_102' title='bbox 1176 3179 1357 3254; x_wconf 81' lang='lat' dir='ltr'><strong>beneficiis</strong></span> 
     </span>
     <span class='ocr_line' id='line_1_21' title="bbox 384 3296 1358 3392; baseline 0 -20"><span class='ocrx_word' id='word_1_103' title='bbox 384 3296 639 3392; x_wconf 88' lang='lat' dir='ltr'><strong>conductum,</strong></span> <span class='ocrx_word' id='word_1_104' title='bbox 659 3313 702 3372; x_wconf 91' lang='lat' dir='ltr'><strong>ut</strong></span> <span class='ocrx_word' id='word_1_105' title='bbox 717 3298 886 3372; x_wconf 84' lang='lat' dir='ltr'><strong>fraternis</strong></span> <span class='ocrx_word' id='word_1_106' title='bbox 907 3299 1069 3374; x_wconf 88' lang='lat' dir='ltr'><strong>motibus</strong></span> <span class='ocrx_word' id='word_1_107' title='bbox 1085 3326 1210 3374; x_wconf 89' lang='lat' dir='ltr'><strong>secum</strong></span> <span class='ocrx_word' id='word_1_108' title='bbox 1232 3302 1358 3375; x_wconf 84' lang='lat' dir='ltr'><strong>fortior</strong></span> 
     </span>
     <span class='ocr_line' id='line_1_22' title="bbox 382 3421 1357 3525; baseline 0.005 -31"><span class='ocrx_word' id='word_1_109' title='bbox 382 3423 583 3514; x_wconf 85' lang='lat' dir='ltr'><strong>resisteret,</strong></span> <span class='ocrx_word' id='word_1_110' title='bbox 603 3423 764 3496; x_wconf 86' lang='lat' dir='ltr'><strong>citeriori</strong></span> <span class='ocrx_word' id='word_1_111' title='bbox 777 3421 1028 3521; x_wconf 77' lang='lat' dir='ltr'><strong>Lotharingiae</strong></span> <span class='ocrx_word' id='word_1_112' title='bbox 1043 3423 1113 3498; x_wconf 91' lang='lat' dir='ltr'><strong>sub</strong></span> <span class='ocrx_word' id='word_1_113' title='bbox 1135 3449 1173 3498; x_wconf 90' lang='lat' dir='ltr'><strong>se</strong></span> <span class='ocrx_word' id='word_1_114' title='bbox 1187 3423 1357 3525; x_wconf 79' lang='lat' dir='ltr'><strong>praefece-</strong></span> 
     </span>
     <span class='ocr_line' id='line_1_23' title="bbox 382 3539 1354 3648; baseline 0.007 -37"><span class='ocrx_word' id='word_1_115' title='bbox 382 3555 457 3613; x_wconf 87' lang='lat' dir='ltr'><strong>rat:</strong></span> <span class='ocrx_word' id='word_1_116' title='bbox 478 3539 600 3634; x_wconf 91' lang='lat' dir='ltr'><strong>hunc,</strong></span> <span class='ocrx_word' id='word_1_117' title='bbox 623 3544 797 3646; x_wconf 80' lang='lat' dir='ltr'><strong>inquam,</strong></span> <span class='ocrx_word' id='word_1_118' title='bbox 824 3544 959 3620; x_wconf 88' lang='lat' dir='ltr'><strong>collato</strong></span> <span class='ocrx_word' id='word_1_119' title='bbox 979 3547 1157 3648; x_wconf 89' lang='lat' dir='ltr'><strong>utrinque</strong></span> <span class='ocrx_word' id='word_1_120' title='bbox 1177 3547 1354 3638; x_wconf 90' lang='lat' dir='ltr'><strong>consilio,</strong></span> 
     </span>
     <span class='ocr_line' id='line_1_24' title="bbox 382 3657 1356 3775; baseline 0.007 -40"><span class='ocrx_word' id='word_1_121' title='bbox 382 3657 525 3775; x_wconf 78' lang='lat' dir='ltr'><strong>adorsi,</strong></span> <span class='ocrx_word' id='word_1_122' title='bbox 542 3681 770 3738; x_wconf 91' lang='lat' dir='ltr'><strong>monuerunt</strong></span> <span class='ocrx_word' id='word_1_123' title='bbox 788 3681 831 3742; x_wconf 90' lang='lat' dir='ltr'><strong>ut</strong></span> <span class='ocrx_word' id='word_1_124' title='bbox 847 3669 979 3742; x_wconf 90' lang='lat' dir='ltr'><strong>urbem</strong></span> <span class='ocrx_word' id='word_1_125' title='bbox 999 3694 1066 3742; x_wconf 89' lang='lat' dir='ltr'><strong>suo</strong></span> <span class='ocrx_word' id='word_1_126' title='bbox 1086 3685 1231 3771; x_wconf 86' lang='lat' dir='ltr'><strong>pastore</strong></span> <span class='ocrx_word' id='word_1_127' title='bbox 1250 3670 1356 3744; x_wconf 87' lang='lat' dir='ltr'><strong>orbs-</strong></span> 
     </span>
     <span class='ocr_line' id='line_1_25' title="bbox 381 3784 1355 3889; baseline 0.009 -32"><span class='ocrx_word' id='word_1_128' title='bbox 381 3799 460 3858; x_wconf 89' lang='lat' dir='ltr'><strong>tam</strong></span> <span class='ocrx_word' id='word_1_129' title='bbox 480 3784 696 3860; x_wconf 88' lang='lat' dir='ltr'><strong>festinanter</strong></span> <span class='ocrx_word' id='word_1_130' title='bbox 716 3791 915 3889; x_wconf 80' lang='lat' dir='ltr'><strong>ingressus,</strong></span> <span class='ocrx_word' id='word_1_131' title='bbox 942 3792 989 3866; x_wconf 84' lang='lat' dir='ltr'><strong>ab</strong></span> <span class='ocrx_word' id='word_1_132' title='bbox 1009 3795 1220 3868; x_wconf 91' lang='lat' dir='ltr'><strong>incursione</strong></span> <span class='ocrx_word' id='word_1_133' title='bbox 1240 3789 1355 3867; x_wconf 84' lang='lat' dir='ltr'><strong>fratris</strong></span> 
     </span>
     <span class='ocr_line' id='line_1_26' title="bbox 380 3910 1356 4018; baseline 0.008 -38"><span class='ocrx_word' id='word_1_134' title='bbox 380 3910 601 4006; x_wconf 88' lang='lat' dir='ltr'><strong>inmunem,</strong></span> <span class='ocrx_word' id='word_1_135' title='bbox 628 3910 692 3985; x_wconf 91' lang='lat' dir='ltr'><strong>sed</strong></span> <span class='ocrx_word' id='word_1_136' title='bbox 721 3939 743 3986; x_wconf 85' lang='lat' dir='ltr'><strong>a</strong></span> <span class='ocrx_word' id='word_1_137' title='bbox 768 3919 910 3990; x_wconf 85' lang='lat' dir='ltr'><strong>cunctis</strong></span> <span class='ocrx_word' id='word_1_138' title='bbox 937 3941 1089 4018; x_wconf 91' lang='lat' dir='ltr'><strong>quoque</strong></span> <span class='ocrx_word' id='word_1_139' title='bbox 1106 3915 1356 4018; x_wconf 81' lang='lat' dir='ltr'><strong>pervasoribus</strong></span> 
     </span>
     <span class='ocr_line' id='line_1_27' title="bbox 381 4027 1356 4139; baseline 0.009 -36"><span class='ocrx_word' id='word_1_140' title='bbox 381 4027 605 4129; x_wconf 90' lang='lat' dir='ltr'><strong>defensaret,</strong></span> <span class='ocrx_word' id='word_1_141' title='bbox 622 4037 849 4138; x_wconf 85' lang='lat' dir='ltr'><strong>vasallosque</strong></span> <span class='ocrx_word' id='word_1_142' title='bbox 864 4038 1029 4139; x_wconf 87' lang='lat' dir='ltr'><strong>ejusdem</strong></span> <span class='ocrx_word' id='word_1_143' title='bbox 1043 4040 1115 4117; x_wconf 91' lang='lat' dir='ltr'><strong>loci</strong></span> <span class='ocrx_word' id='word_1_144' title='bbox 1137 4040 1186 4116; x_wconf 87' lang='lat' dir='ltr'><strong>ad</strong></span> <span class='ocrx_word' id='word_1_145' title='bbox 1201 4039 1356 4116; x_wconf 83' lang='lat' dir='ltr'><strong>fidelita-</strong></span> 
     </span>
    </p>
   </div>
   <div class='ocr_carea' id='block_1_5' title="bbox 0 0 1526 4968">
    <p class='ocr_par' dir='ltr' id='par_1_5' title="bbox 0 0 1526 4968">
     <span class='ocr_line' id='line_1_28' title="bbox 0 0 1526 4968; baseline 0 0"><span class='ocrx_word' id='word_1_146' title='bbox 0 0 1526 4968; x_wconf 95' lang='lat' dir='ltr'><strong> </strong></span> 
     </span>
    </p>
   </div>
  </div>
 </body>
</html>
