2902 4972
332 557 650 571 ...ua-...m

274 654 277 662 ,
332 599 390 654 384

703 603 774 650 APP.
793 603 925 650 Arrana

332 839 337 850 ⁴
395 771 475 850 ‚Quo
486 783 640 852 regnante,
656 767 800 832 Flandria
809 770 907 851 viguit
918 765 1046 844 militia,

407 875 498 955 Cujus
512 873 570 934 snb
579 875 710 954 imperio
721 871 825 934 floruit
838 871 955 954 religio.

408 980 499 1040 Auxit
509 992 630 1060 patrum
643 977 790 1060 gloriam,
804 977 953 1037 comitum
966 977 1153 1056 potentiam.

392 1081 559 1146 'Plurimus¹
572 1083 596 1142 F
599 1079 808 1144 [andrensibus
821 1095 916 1143 terras
926 1082 1027 1162 junxit
1042 1081 1171 1141 finibus.

409 1189 495 1264 Heu,
510 1185 589 1250 heu!
606 1208 714 1269 magne
726 1185 880 1262 triarchio‚
897 1183 987 1268 digne
1003 1187 1087 1268 regni
1099 1184 1204 1261 solio,
1316 1241 1322 1252 ,

407 1293 520 1354 Forma
530 1291 621 1374 digna
631 1293 786 1371 principe,
803 1289 894 1372 digna
905 1302 989 1350 tanto
1000 1291 1125 1350 nomine
1140 1285 1149 1348 !

409 1399 494 1472 Heu,
506 1409 592 1478 pater
603 1395 750 1471 ecclesiae,
762 1407 871 1456 nostia
882 1393 974 1456 decus
985 1393 1147 1456 Fiandriae.

408 1501 497 1564 Ultor
511 1503 661 1581 injustitiae
673 1511 704 1562 ct
717 1503 876 1562 munimen
890 1499 1024 1562 Franeiae
1037 1545 1046 1576 ,

407 1607 477 1668 Dux
492 1606 644 1668 bonorum
658 1607 805 1686 previus,
819 1604 891 1666 cleri
903 1603 1045 1666 defensor
1060 1605 1151 1685 pius,

407 1709 634 1774 Monachormn
649 1707 790 1792 clypeus,
803 1721 902 1778 terror
916 1707 1005 1770 malis
1016 1707 1183 1769 omnibus!

337 1805 340 1813 ¹
408 1813 454 1876 Te
467 1813 671 1875 Fiandrorum
682 1815 807 1888 comite,
820 1811 1015 1894 quiescebant
1025 1815 1160 1874 semita:

408 1917 474 1981 Nec
484 1917 617 1980 audehat
627 1918 697 1998 quis
709 1930 794 1978 tuam
805 1917 986 1978 conturbare
996 1921 1139 1998 patriam.

408 2023 515 2085 Proeda
527 2043 611 2084 nunc
624 2021 773 2083 efficimur
784 2066 792 2097 ,
803 2020 941 2102 undique
952 2019 1126 2101 diripimur.

406 2127 458 2190 Fit
470 2140 588 2210 pastore
599 2138 721 2188 mortuo
739 2128 850 2188 ovium
860 2125 1003 2206 direptio.

409 2232 511 2296 Nemo
523 2236 638 2314 justum
649 2233 786 2313 sequitur
797 2275 807 2308 ,
820 2231 943 2313 paxque
955 2243 1059 2292 tecum
1072 2235 1225 2296 moritur.

409 2338 449 2399 Et
461 2337 591 2400 abscisso
603 2341 699 2418 capite
710 2381 719 2413 ,
732 2334 873 2398 membra
886 2349 1020 2418 pugnant
1029 2336 1194 2420 undique,

409 2443 504 2518 Dole,
520 2442 627 2525 plange
638 2440 797 2518 Flandria,
810 2444 895 2524 quasi
906 2453 1022 2524 patrem
1032 2441 1106 2502 filia.

408 2547 503 2610 Nulla
518 2560 587 2609 sunt
601 2547 724 2624 solatia,
737 2551 818 2628 perit
828 2559 880 2608 tua
893 2545 999 2630 gloria.

409 2653 456 2715 Ad
470 2653 639 2715 lamentum
650 2673 781 2715 convoca
791 2673 919 2735 quaeque
929 2671 1021 2735 regna
1030 2655 1198 2734 proxima,

409 2759 448 2820 Et
458 2757 496 2822 ad
511 2773 563 2819 tna
575 2759 682 2822 funera
696 2757 833 2839 planctus
846 2756 947 2838 puiset
959 2757 1083 2818 athera.

409 2864 487 2925 Cum
497 2863 741 2942 sedquoniam,
757 2881 862 2942 passus
876 2875 921 2923 est
934 2861 1101 2937 iuvidiam,
1200 2869 1204 2876 '

410 2967 449 3028 Et
463 2988 519 3048 pro
535 2987 623 3028 causa
633 2987 803 3047 pauperum
817 2965 940 3047 pertulit
949 2968 1141 3048 martyrium.

410 3071 490 3156 Ergo
501 3093 557 3153 pro
567 3073 680 3152 justitia
695 3083 855 3134 coronatur
865 3070 971 3154 gloria.

410 3177 449 3239 Et
458 3175 621 3239 letardum
634 3179 753 3260 potius,
766 3177 819 3238 sed
832 3189 934 3244 tamen
943 3197 1006 3239 non
1016 3197 1197 3260 possumus.

409 3283 495 3368 Cogit
509 3304 563 3344 nos
578 3286 721 3345 continuo
736 3281 809 3344 flere
823 3281 969 3345 desolatio

408 3387 500 3468 Cujus
510 3390 542 3449 in
553 3387 687 3449 absentia
698 3387 916 3449 conturbantur
929 3391 1042 3450 omnia.

408 3493 497 3554 Flent
510 3505 621 3573 pontus
631 3505 661 3553 et
675 3493 800 3574 Anglia,
815 3507 939 3575 totaque
952 3491 1155 3555 Normannia.

408 3597 454 3658 Te
465 3597 535 3678 plus
546 3597 612 3673 his,
627 3619 646 3658 o
657 3595 800 3673 Francia,
813 3595 866 3659 aed
876 3600 977 3659 minus
987 3618 1083 3679 quam
1092 3595 1263 3664 flandria.

408 3700 552 3763 Fiandria
567 3747 576 3778 ,
592 3715 627 3763 tu
638 3705 748 3763 misera
759 3747 767 3778 ‚
779 3715 832 3763 tua
844 3701 937 3764 tunde
947 3713 1087 3783 pectora;

407 3803 517 3872 Scinde
527 3826 617 3887 genas
630 3807 799 3890 unguibus,
815 3827 915 3888 neque
925 3825 1029 3888 parcae
1039 3805 1178 3870 fletibus.

408 3911 488 3972 Hinc
497 3910 581 3971 dolet
590 3909 695 3987 Italia,
710 3925 833 3994 totaque
843 3909 963 3988 Sicilia,
980 3983 984 3992 ⁸

408 4013 553 4096 Duraque
563 4013 745 4091 Germania,
758 4029 850 4098 atque
860 4013 1063 4097 lotharingia.

409 4117 522 4183 Nostra
533 4139 606 4182 nam
615 4120 737 4182 miseria
747 4132 834 4182 terrae
843 4118 944 4204 pulsat
954 4117 1080 4196 intima,
