2902 4972
363 550 422 606 592
597 558 670 605 m.
689 559 821 606 annm
845 557 890 606 ΑΒ
909 557 1029 605 GKRM.
1054 557 1149 604 ΒΑΗ).

636 824 780 872 oeuuls
810 823 1063 874 annoanlo.

409 1019 526 1091 Fiunt
540 1021 663 1120 itaque
680 1020 727 1093 ab
746 1018 898 1093 exordio
914 1015 1047 1092 mundi
1064 1021 1220 1118 usquein
1232 1043 1317 1118 prae-

362 1153 503 1214 sentem
528 1166 690 1232 annum,
707 1144 773 1240 qui
787 1154 839 1216 est
853 1139 899 1212 ab
920 1143 1174 1214 incarnatione
1185 1140 1315 1212 Domini

361 1287 558 1354 mcxxxru,
576 1287 695 1335 annus
711 1261 1043 1338 decennovennalis
1058 1261 1170 1360 cycli,
1183 1261 1315 1334 Romani

360 1387 509 1484 imperii
546 1399 732 1485 sceptrum
768 1399 915 1459 tenente
947 1384 1148 1476 Luthario,
1181 1387 1218 1458 in
1248 1379 1316 1456 sede

361 1505 560 1607 apostolica
573 1505 833 1582 dissidentibus
846 1507 1043 1608 Gregorio,
1055 1507 1154 1581 dicto
1169 1511 1317 1580 Innooen·

363 1631 434 1722 tio,
454 1643 490 1702 et
502 1633 609 1702 Petro
624 1633 774 1724 Leonis,
790 1635 1020 1706 Francorum
1036 1657 1120 1730 rege
1133 1629 1314 1720 Ludovico,

362 1750 543 1826 Ramoldo
566 1755 735 1828 Remensi
756 1754 1052 1856 archiepiscopo,
1074 1755 1123 1826 D.
1153 1747 1318 1825 liettardo

364 1875 616 1947 cameracensi
633 1877 823 1976 episcop03
847 1875 962 1970 fiunt,
987 1879 1161 1975 inquam,
1185 1877 1266 1947 anni
1291 1897 1320 1946 u

363 2021 560 2072 mccxxvu.
577 1995 781 2070 Residuum
795 1997 919 2071 saeculi
930 2011 1073 2098 tempus
1090 1995 1259 2070 hnmanae
1271 1997 1321 2066 in-

364 2121 596 2221 vestigationi
610 2119 795 2192 incertum
814 2133 879 2192 est.
904 2122 1062 2192 Omnem
1084 2121 1185 2192 enim
1205 2117 1248 2191 de
1265 2115 1322 2191 hac
1427 2143 1428 2220 ἐ

364 2235 404 2315 re
419 2245 696 2344 inquisitionem
717 2243 764 2315 D.
787 2246 891 2316 Jesus
914 2241 1065 2316 abstulit
1091 2239 1239 2317 dicens:
1268 2267 1323 2314 aen

365 2377 419 2437 est
436 2377 585 2436 vestr-um
606 2391 704 2438 nosse
723 2377 872 2460 tempora
891 2365 948 2436 nel
967 2377 1133 2438 momenta
1154 2392 1229 2464 qun
1238 2375 1325 2462 puter

357 2494 480 2582 posuit
494 2494 534 2559 in
549 2514 616 2592 sua
629 2499 802 2581 potestate.
822 2489 870 2558 Et
886 2485 993 2560 alibi:
1008 2491 1063 2560 De
1076 2489 1132 2560 die
1146 2500 1255 2561 auum
1269 2483 1324 2557 illa

365 2621 398 2680 et
416 2609 502 2682 tora
515 2635 611 2683 aeneo
624 2615 705 2697 ecit,
718 2636 824 2706 neque
840 2611 956 2708 anqels’
970 2611 1133 2681 caelorum
1140 2665 1152 2698 ,
1166 2615 1237 2682 nusi
1245 2607 1324 2681 ocius

363 2744 474 2826 pater.
496 2713 756 2831 Unusquisque
769 2757 856 2829 ergo
871 2729 917 2804 de
929 2755 996 2803 suo
1013 2733 1148 2830 cogitet
1166 2731 1324 2816 transitu,

366 2855 460 2927 sicut
473 2855 758 2953 sacrescriptura
765 2853 1084 2927 dicitzsnomnitus
1098 2855 1252 2952 operibus
1263 2853 1325 2924 tuis
1426 2849 1427 2882 r

367 2959 552 3049 memorare
563 2983 753 3050 moissima
771 2989 850 3065 tua,
865 2991 897 3052 et
910 2983 949 3050 in
963 2989 1126 3050 tammum
1140 3006 1207 3051 non
1214 3001 1327 3073 pecen-

366 3097 600 3192 bs‘s.Quand0
615 3101 715 3173 enim
730 3102 985 3200 unusquisque
1000 3099 1045 3172 de
1052 3101 1187 3175 saeculo
1195 3101 1326 3200 migrat,

367 3236 458 3296 tnnc
475 3221 529 3295 illi
543 3226 814 3298 consummatio
828 3221 953 3298 saeculi
968 3237 1033 3296 est.

395 3491 489 3555 Nom.
499 3492 580 3555 Dom
591 3493 724 3557 Be'vennt
733 3515 752 3555 a
762 3495 824 3555 cios
834 3493 864 3556 le
874 3493 933 3556 Ma.
947 3493 1021 3556 d’oir
1036 3513 1113 3554 nnus
1123 3513 1217 3554 avons
1229 3488 1281 3553 nrt
1290 3487 1326 3548 les

365 3595 498 3678 dix-sept
511 3598 661 3680 chapitres
671 3602 724 3682 qui
735 3599 908 3681 precedent,
917 3620 972 3680 par
982 3597 1013 3659 la
1022 3611 1092 3659 note
1104 3601 1241 3660 suivante
1250 3621 1257 3655 ι
1267 3597 1326 3656 Har

366 3704 458 3763 omm'c
468 3701 501 3762 de
511 3705 595 3764 uerbo
605 3706 767 3766 adverbum
778 3708 919 3780 exscripta
930 3719 992 3765 suut
999 3725 1035 3764 ce
1045 3705 1231 3778 manuscrrpte
1238 3719 1331 3777 perca-

368 3809 452 3883 tiquo,
465 3807 538 3884 prud
545 3812 574 3868 in
584 3809 708 3870 nrcMm's
718 3811 833 3873 canubii
839 3810 1048 3882 Maricolensis,
1061 3807 1153 3878 (iamed
1163 3809 1221 3867 scie
1230 3823 1331 3882 quacun

358 3912 425 3994 saa
436 3937 455 3976 a
468 3913 674 3991 mmmmm
683 3917 805 3992 ctum
817 3895 1014 3985 summatum)
1023 3927 1197 3990 enervam,
1207 3909 1244 3973 u
1259 3906 1332 3970 un·

368 4018 680 4104 amrumeuonss.
704 4022 828 4086 Anam
838 4022 998 4104 religiosus.
1018 4019 1106 4082 1787.
