2906 4970
358 572 414 626 544
644 577 764 624 onnon.
784 577 863 624 cau.
884 580 927 624 nr
947 579 1025 624 Aru.

358 760 410 819 tes
436 743 633 843 diripiens,
656 745 946 844 circumquaque
969 760 1159 820 manentes
1178 745 1346 822 afficiens

356 869 508 966 rapinis.
528 870 608 940 Hoc
622 879 746 939 autem
763 869 955 967 episcopus
969 866 1037 942 diu
1050 868 1145 943 terre
1167 893 1245 942 non
1267 895 1346 967 po-

357 992 449 1081 tuit,
465 988 530 1062 sed
544 987 715 1086 collectos
738 990 878 1086 equites
890 1002 927 1061 et
941 989 1086 1088 pedites
1101 989 1150 1063 ad
1173 994 1345 1064 munici-

357 1114 465 1210 pium
496 1109 592 1182 illud
624 1108 769 1184 direxit.
801 1113 1050 1210 Municipium
1080 1137 1169 1186 vero
1196 1113 1293 1186 illud
1317 1141 1344 1187 a

357 1234 453 1307 saltu
471 1234 713 1332 opprimitur,
730 1247 766 1306 et
782 1247 1062 1332 coangustatum
1085 1249 1121 1308 et
1144 1239 1230 1334 igne
1250 1261 1343 1310 suc-

358 1379 508 1427 censum
523 1352 571 1426 ad
586 1367 722 1426 terram
735 1357 999 1453 prosternitur,
1014 1359 1139 1455 sicque
1153 1356 1254 1430 locus
1275 1357 1341 1430 ille

356 1497 382 1546 a.
391 1476 608 1548 satellitibus
628 1489 665 1547 et
685 1501 706 1546 a
728 1475 948 1552 latrunculis
966 1478 1205 1552 emundetur.
1228 1482 1340 1578 Ilugo

357 1601 472 1696 igitur
485 1599 565 1692 ille,
583 1596 768 1672 destructo
785 1603 1009 1701 urrmicipio,
1025 1601 1074 1676 ad
1095 1602 1199 1674 aliud
1217 1601 1340 1676 diver·

360 1723 432 1812 tit,
465 1723 526 1793 cui
553 1723 720 1794 luceium
747 1725 947 1821 antiquitas
974 1751 1115 1798 nomeu
1138 1728 1334 1826 imposuit,

358 1841 578 1943 preedasque
591 1856 628 1915 et
644 1842 742 1916 mala
755 1843 918 1942 plurima
931 1848 971 1918 in
992 1850 1208 1946 episcopum
1228 1873 1338 1946 repe-

358 1966 454 2038 tivit.
474 1961 584 2057 Quod
598 1967 709 2036 etiam
726 1969 918 2066 episcopus
931 1969 1081 2042 moleste
1095 1973 1254 2068 accepit,
1278 1963 1352 2044 co-'

354 2089 576 2188 piosamque
593 2100 820 2160 armatorum
839 2089 1120 2165 multitudinem
1141 2089 1191 2164 ad
1211 2092 1334 2166 locum

359 2209 467 2282 illum
483 2207 654 2302 deduxit,
671 2209 870 2310 fuissetque
890 2216 1069 2287 continuo
1088 2216 1332 2314 municipium

361 2331 459 2404 illud
489 2331 674 2404 solotenus
702 2331 937 2426 subversum,
968 2337 1038 2408 nisi
1063 2335 1260 2410 Rotbertus
1288 2335 1332 2409 de

362 2455 544 2545 Perrona,
563 2477 649 2526 cum
663 2455 736 2526 suis
754 2453 842 2526 dolo
863 2455 1077 2550 obstitisset,
1101 2462 1167 2557 qui
1187 2473 1332 2533 venerat

359 2577 401 2648 in
414 2574 600 2675 pontificis
612 2575 804 2648 auxilium.
819 2579 885 2650 His
899 2581 951 2651 ita
962 2581 1143 2655 incassum
1158 2581 1327 2673 decursis,

361 2701 660 2792 Cameracenses,
692 2697 828 2774 inlecto
857 2705 1031 2802 negotio,
1068 2703 1117 2777 ad
1148 2705 1326 2779 civitatem

361 2847 466 2898 suam
480 2837 568 2914 sunt
580 2825 728 2900 reversi.

637 3039 796 3226 Qut).
850 3099 1069 3180 uxum.

362 3373 443 3420 HUGO
462 3369 601 3414 moult·
618 3369 720 3412 atton
744 3369 812 3410 AM
838 3371 943 3411 NBP'HS
968 3371 1129 3412 commem
1156 3365 1322 3412 Momm.

385 3452 467 3503 QUAM
484 3451 523 3490 An
539 3446 839 3490 ΠΟΟΙΜΠΝΙΟΑΤΙΟΝΙ
853 3447 1034 3494 ΛΙΒθΒΰΤΰΙ,
1050 3448 1089 3487 ET
1106 3447 1224 3488 nmium
1245 3443 1321 3485 ontu-

388 3529 442 3570 nus
457 3529 524 3578 QUAE
542 3527 691 3568 manuscr
710 3525 861 3571 nanum.
878 3525 916 3566 Ac
931 3515 1089 3567 ΙΕΝῠΥᾸΤθ
1104 3525 1271 3567 tumultuat]
1286 3521 1320 3561 Π-

391 3607 559 3652 limum,
577 3605 722 3654 nausson!
738 3603 888 3645 nummus
902 3605 1028 3646 tecum
1050 3605 1182 3646 uxum:
1197 3603 1247 3645 m
1269 3599 1321 3640 m

389 3683 547 3726 JUMNDU!
563 3683 623 3726 NON
640 3682 742 3724 numo
766 3683 839 3724 Post
855 3683 1003 3724 Vlolsssl'l'.

362 3881 531 3994 lusurus
556 3920 604 3990 H.
626 3917 707 4011 ille,
728 3916 916 4017 quandam
935 3916 1191 4018 juvenculam,
1212 3908 1315 3984 Adam

363 4046 534 4140 nomine,
551 4056 700 4146 neptem
717 4039 889 4118 videlicet
908 4037 1113 4136 llicheldis,
1135 4031 1315 4112 Montensis
