2932 4974
391 575 450 630 998
696 577 815 623 canon.
832 577 910 623 ctat.
928 577 970 622 ΕΤ
990 577 1067 622 A'rlt.
1144 612 1149 620 .

390 771 461 850 pro
473 747 545 822 hoc
560 746 799 835 monasterio,
819 740 922 841 quod
938 739 1007 812 sibi
1022 753 1111 812 esset
1126 741 1359 836 contiguum,

391 879 656 957 commutaret,
683 864 858 963 huncque
886 865 1121 960 locum,'pro
1146 861 1362 960 compendio

389 1004 539 1065 aeternae
584 988 910 1076 remunerationis,
948 984 1141 1056 meliorare
1176 963 1359 1081 satageret.

393 1115 466 1204 Qui
494 1113 593 1182 inter
621 1106 836 1206 hujusmodi
863 1106 1049 1204 colloquia
1071 1109 1212 1178 incerto
1232 1103 1359 1192 haesit,

392 1245 431 1306 et
453 1245 598 1322 temen,
622 1255 664 1302 ac
687 1232 717 1301 si
738 1227 909 1321 difficile,
937 1229 1132 1299 recusavit.
1154 1229 1230 1299 Nec
1251 1228 1361 1298 multo

392 1367 476 1453 post
489 1367 612 1424 autem
628 1354 802 1450 temporis
815 1351 1009 1423 intervallo
1019 1347 1158 1441 ,abhas
1174 1345 1362 1424 salubriter

392 1474 597 1566 consultus,
611 1472 705 1545 bene
718 1486 755 1544 et
772 1471 967 1570 diligenter
981 1468 1211 1544 considerata
1224 1485 1361 1568 oportu-

392 1601 528 1687 nitate,
569 1609 700 1666 notum
717 1594 818 1667 -fecit
846 1598 1036 1694 episcopo,
1068 1619 1105 1664 se
1135 1607 1359 1666 executorem

363 1701 368 1708 ’
393 1717 471 1792 lore
502 1719 739 1808 monitionis,
763 1721 792 1788 si
819 1717 866 1788 ab
885 1719 965 1815 ipso
988 1714 1120 1787 abbate
1140 1713 1360 1789 Theoderico

393 1842 723 1914 commutationem
745 1842 942 1938 impetrare
962 1837 1110 1911 valeret.
1133 1834 1242 1908 Unde
1266 1837 1361 1910 laetus

392 1965 606 2062 episcopus,
622 1959 815 2052 continue,
825 1959 966 2033 directa
981 1961 1182 2057 legatione,
1196 1959 1361 2031 abbatem

393 2081 664 2156 Theodericum
679 2081 830 2156 adorsus
844 2097 914 2175 est,
931 2096 1138 2154 monstrans
1151 2085 1286 2153 anirnae
1302 2107 1363 2182 pe-

392 2207 577 2297 riculum,
596 2209 636 2276 ni
654 2220 818 2304 tempore
832 2205 902 2278 sibi
917 2203 1136 2277 consideret:
1159 2229 1247 2276 cum
1261 2203 1362 2300 longe

393 2343 483 2401 esset
494 2331 646 2427 positus,
662 2325 784 2400 locum
801 2341 1029 2416 commutare
1042 2324 1320 2418 deberet.Quod
1337 2329 1363 2396 si

392 2449 529 2540 nollet,
548 2448 725 2547 adjuncto
748 2451 818 2522 sibi
844 2449 1025 2522 Balduino
1044 2447 1364 2541 marchione,‘fal-

391 2595 448 2642 sos
471 2563 672 2642 monachos
699 2571 913 2668 expelleret,
944 2572 1142 2670 locumque
1173 2568 1362 2644 emendare

393 2719 479 2768 cum
497 2693 599 2765 omni
611 2695 827 2778 auctoritate
841 2707 1030 2790 satageret.
1049 2697 1167 2791 Super
1179 2693 1284 2791 quod
1298 2693 1362 2766 ab·

390 2814 456 2888 bas
470 2817 692 2915 competenti
709 2813 861 2887 consilio
879 2841 983 2906 usus,
1005 2813 1188 2886 mandatis
1208 2816 1362 2914 episcopi

391 2936 596 3016 satisfacere
612 2939 822 3028 aestimavit,
840 2938 1022 3036 rebusque
1038 2927 1075 3008 S.
1099 2935 1267 3031 Vedasti,
1287 2963 1362 3038 que

392 3062 433 3130 in
459 3083 525 3132 sua
553 3061 689 3132 vicinia
716 3061 994 3159 circumjacent,
1023 3062 1217 3158 susceptis,
1242 3061 1361 3134 villam

392 3181 577 3280 Hasprum
596 3180 765 3255 leduino
787 3184 911 3254 abbati
930 3181 1169 3256 contradidit.
1192 3187 1283 3258 Haec
1301 3207 1363 3255 au-

393 3318 468 3378 tem
492 3309 732 3378 commutatio
753 3331 877 3379 coram
892 3307 1088 3398 Rotberto,
1108 3331 1192 3404 rege
1205 3309 1364 3391 Franco-

386 3431 499 3518 rum,
522 3453 720 3526 coramque
743 3429 958 3520 comitibus,
990 3427 1172 3501 Balduino
1200 3429 1364 3504 videlicet

317 3556 319 3560 ’
390 3545 674 3620 Flandrensium
689 3548 894 3623 ethcardo
913 3553 1258 3648 Rotomagensium,
1278 3552 1364 3625 facta

392 3683 465 3759 est,
481 3683 519 3741 et
529 3669 665 3742 eisdem
682 3673 931 3760 corroborata.
949 3673 1070 3746 Abbas
1084 3677 1209 3772 itaque
1229 3675 1364 3750 Ledui·

392 3815 482 3882 nus,
497 3803 540 3862 ut
554 3790 755 3866 aedificator
768 3794 937 3867 videlieet
951 3795 1122 3887 idoneus,
1139 3793 1266 3868 locum
1284 3821 1362 3871 cum

392 3937 538 3984 summo
552 3911 694 4000 studio,
712 3914 760 3987 ad
772 3915 921 4004 laudem
934 3931 970 3989 et
984 3920 1259 3990 venerationem
1275 3943 1363 3991 sane·

391 4018 515 4110 toruln
532 4039 601 4135 qui
628 4035 767 4111 ibidem
797 4041 1017 4138 quiescunt,
1050 4038 1266 4127 emendavit
1295 4065 1362 4114 no-
