3088 4968
358 560 376 612 4
656 563 870 610 customens.
893 563 935 608 ET
952 563 1028 608 ΑΤΙ.

358 728 594 820 modicarum,
610 723 1160 800 sedetiamvitamamittendam
1178 716 1333 798 aestima-

356 864 452 922 rent.
462 851 735 941 Quaenimirum
743 874 868 940 causa,
883 848 968 922 licet
982 873 1059 920 non
1071 830 1333 947 improperan-

357 971 405 1044 da
423 975 486 1070 (1)
504 971 673 1044 videatur
689 959 843 1043 extitisse
861 973 1079 1068 (nonenim
1094 969 1245 1043 vileant
1261 967 1333 1040 ab-

356 1091 512 1166 surdum
526 1093 664 1182 fuerat,
686 1090 854 1163 homines
874 1093 968 1188 agris
985 1105 1021 1163 et
1038 1093 1139 1164 tectis
1155 1091 1333 1162 silvestri-

354 1213 425 1287 bus
447 1214 609 1306 abditos,
630 1240 671 1286 ex
695 1213 780 1285 lieris
802 1228 838 1284 et
854 1213 1079 1285 immanibus
1097 1215 1202 1284 mites
1222 1210 1331 1284 reddi

292 1336 299 1353 ⁶
355 1360 398 1409 ac
418 1337 654 1433 mansuetos)
685 1338 724 1405 in
758 1336 910 1407 consilio
940 1349 1063 1407 tamen
1087 1333 1332 1434 providentiae

355 1457 560 1531 ordinantis
588 1461 713 1529 omnia
743 1458 812 1528 Dei
839 1459 918 1555 (α)
944 1458 1053 1554 longe
1078 1456 1186 1528 altior
1204 1479 1330 1527 rerum

253 1593 256 1600 ’
354 1576 1333 1678 causaportendebatur;perquamhumanapruden-

354 1704 425 1792 tia,
457 1700 547 1773 dum
563 1703 635 1772 suis
663 1699 852 1772 consulere
868 1701 995 1773 usibus
1011 1699 1186 1800 putabat,
1204 1725 1333 1799 super-

354 1838 520 1896 venturae
541 1825 745 1922 posteritati
771 1823 912 1894 utiliter
939 1825 1162 1895 ministraret
1191 1821 1333 1896 :vide-

354 1942 489 2016 licetut
502 1948 667 2044 ipsissuis
682 1945 868 2016 moenibus
882 1941 979 2016 nibil
992 1942 1095 2015 aliud
1103 1943 1334 2043 praetendere

251 2053 260 2072 ⁹
354 2063 589 2158 viderentur,
616 2069 685 2138 nisi
708 2065 898 2166 quaedam,
924 2077 969 2136 ut
990 2067 1041 2138 ita
1067 2064 1210 2158 dicam,
1233 2068 1334 2164 regia

355 2186 510 2260 aedificia
527 2203 737 2261 construere
748 2241 757 2278 ,
767 2189 806 2256 in
821 2185 956 2285 quibus
970 2213 1055 2259 mox
1067 2187 1193 2260 futura
1208 2201 1334 2260 sancta

353 2323 473 2380 mater
486 2309 634 2380 ecclesia
648 2308 890 2406 principalem
905 2333 979 2378 suae
992 2308 1180 2406 dignitatis
1189 2335 1333 2404 arcem,

354 2441 393 2499 et
408 2419 645 2526 apostolicam
665 2425 786 2498 sedem
811 2427 1007 2500 obtineret.
1031 2431 1150 2502 Habet
1172 2457 1336 2530 namque
1425 2459 1431 2474 ¹

354 2547 627 2620 Pentateucbus
658 2551 796 2644 Moysi,
816 2551 904 2647 quia
927 2551 1169 2626 Hebraeorum
1191 2553 1335 2652 populo

355 2669 402 2741 ab
419 2673 587 2768 AEgyptia
603 2667 857 2743 dominatione
873 2686 1062 2768 revocato,
1084 2675 1183 2748 Deus
1198 2676 1333 2748 civita-

355 2803 407 2862 tes
425 2793 591 2889 gentium
607 2789 842 2892 possidendas
859 2795 1018 2888 mysticis
1037 2793 1223 2867 beneficiis
1242 2820 1336 2895 pro-

355 2915 589 2983 mitteret'et
618 2911 799 3003 donaret,
836 2917 941 3012 juxta
972 2915 1067 2987 illud
1104 2918 1334 2990 Psalmistae:

357 3035 464 3104 Dedit
474 3033 553 3104 illia
569 3041 721 3132 regiam
737 3043 909 3134 gentium,
929 3049 961 3108 et
982 3039 1116 3110 labores
1126 3043 1334 3136 populorum

350 3157 587 3250 possederant.
599 3159 613 3254 (
625 3159 724 3229 Paul.
744 3161 827 3246 104.
844 3187 878 3230 v.
894 3161 956 3248 44.
971 3161 1104 3257 )Unde
1121 3177 1158 3233 et
1171 3163 1335 3235 occiduae

264 3339 268 3348 .
359 3299 509 3374 quoque
529 3279 687 3374 regionis
714 3280 849 3371 urbes,
879 3305 969 3380 quas
995 3283 1177 3378 gentilitas
1205 3309 1335 3356 mura-

358 3395 456 3468 libus
473 3397 674 3494 machinis,
691 3415 728 3473 et
748 3405 849 3476 miris
874 3403 1133 3477 nobilitaverat
1158 3405 1331 3500 officinis,

359 3515 479 3587 inlusa
493 3543 560 3614 per
573 3517 701 3590 orbem
716 3522 885 3614 ecclesia,
900 3524 1002 3597 velut
1016 3513 1124 3624 regiae
1138 3529 1336 3626 majestatis

360 3661 459 3710 arces
476 3655 643 3740 occupat.

396 3951 452 4020 (t)
469 3959 500 4002 n.
526 3953 696 4025 improbanda.
720 3983 754 3998 -
779 3953 837 4026 (2)
862 3966 911 4013 ιιι
937 3965 1005 4012 muts
1027 3961 1110 4014 omnic
1130 3961 1181 4016 Det
1198 3974 1335 4034 mnqnent

362 4041 426 4092 dnm
442 4041 468 4094 le
485 4049 531 4096 m.
550 4043 582 4099 de
603 4043 697 4100 Beluae
716 4051 818 4102 etelsus
831 4051 1054 4105 celnid'Amsb.
