3088 4968
382 549 418 602 16
674 551 792 597 GlfflON.
815 551 893 599 CAH.
913 557 955 599 ET
976 551 1053 600 Aba.

381 737 437 795 tus
450 721 519 792 Dei
542 717 740 810 confessor,
759 731 795 788 et
813 721 977 816 egregius
996 719 1234 818 praedicator,
1255 738 1354 797 tem-

379 843 530 944 poribus
541 841 726 912 fortissimi
738 842 831 937 regis
842 854 931 913 tunc
942 845 1352 940 temporisFrancorum

377 964 573 1054 Clodovei,
603 964 642 1032 in
672 960 756 1054 has,
787 959 913 1033 divina
936 961 1116 1060 dirigente
1138 969 1273 1062 gratia,
1302 969 1351 1042 ob

376 1087 582 1158 multorum
600 1083 755 1155 salutem
775 1085 943 1180 pervenit
965 1087 1142 1182 regiones.
1165 1089 1279 1187 Cujus
1298 1093 1353 1162 rei

376 1206 545 1282 ordinem
565 1219 601 1278 et
622 1230 788 1298 causam,
812 1219 995 1304 quantum
1017 1207 1175 1281 brevitas
1189 1214 1349 1310 patitur,

374 1331 469 1428 stylo
497 1355 777 1430 prosequamur.
803 1331 917 1400 Porro
937 1344 1160 1402 memoratus
1178 1335 1351 1434 princeps

374 1452 540 1528 fanaticis
558 1451 682 1524 adhuc
709 1450 902 1524 tenebatur
929 1454 1114 1526 erroribus
1142 1455 1349 1550 involutus,

374 1575 549 1679 sederat
573 1579 606 1646 ei
629 1599 721 1646 uxor
741 1573 925 1670 religiosa,
955 1574 1202 1675 baptismique
1228 1603 1353 1652 sacra-

375 1704 507 1774 mentis
524 1703 686 1790 initiata,
709 1697 938 1772 Crhothildis
956 1703 1126 1794 nomine,
1147 1699 1224 1774 filia
1243 1703 1352 1776 Chil-

373 1827 486 1920 perici
506 1827 618 1922 regis,
633 1847 744 1922 quem
759 1821 1028 1896 Gundebaldus
1043 1851 1105 1897 rex
1124 1825 1237 1898 frater
1255 1831 1348 1925 ejus,

373 1949 461 2018 ortis
490 1945 755 2036 simultatibus,
784 1943 1025 2018 interfecerat.
1059 1949 1146 2020 Haec
1178 1948 1351 2024 christia-

372 2069 520 2139 nissima
548 2071 675 2166 regina
707 2092 830 2164 regem
865 2067 1031 2164 quotidie
1058 2067 1346 2167 blandiebatur,

324 2251 327 2258 .
371 2189 527 2262 suadens
555 2191 602 2262 ab
630 2188 849 2262 idololatriae
881 2187 1026 2262 cultura
1058 2189 1106 2262 ad
1134 2194 1244 2266 unius
1271 2199 1351 2268 veri

370 2309 439 2383 Dei
464 2312 605 2383 cultum
641 2313 824 2402 converti,
856 2325 899 2379 ut
921 2337 989 2406 per
1017 2313 1195 2385 mulierem
1205 2319 1350 2411 fidelem

371 2433 571 2506 salvaretur
591 2434 825 2528 virinfidelis.
853 2433 891 2528 (ι
916 2433 996 2504 Cor.
1021 2455 1056 2524 7.
1081 2437 1163 2532 14.)
1185 2436 1257 2510 Sed
1284 2467 1349 2516 rex

369 2558 505 2655 reginae
524 2556 717 2628 consilium
733 2557 855 2626 minus
869 2553 1063 2649 audiebat,
1080 2560 1168 2656 quia
1188 2557 1347 2634 deorum

368 2701 520 2750 suorum
538 2679 673 2750 auxilio
686 2677 767 2750 lieri
782 2678 983 2750 aestimabat
997 2680 1036 2750 in
1051 2680 1245 2775 omnibus,
1262 2711 1345 2782 quae

367 2799 437 2872 sibi
471 2827 643 2900 prospere
680 2799 849 2874 accidisse
882 2799 1117 2876 videbantur.
1150 2808 1267 2876 Anxia
1298 2805 1345 2880 de
1394 2821 1399 2830 “

369 2929 461 3023 regis
497 2929 619 3025 potius
651 2927 766 2999 salute
799 2951 911 3024 quam
939 2926 985 3000 de
1016 2931 1119 3025 regni
1150 2935 1340 3027 potentia,

369 3053 514 3148 regina,
533 3051 600 3122 ubi
629 3049 754 3121 salutis
782 3047 977 3120 consilium
1005 3075 1126 3148 regem
1148 3064 1343 3150 contemp-

367 3173 450 3244 sisse
458 3171 571 3265 videt,
589 3171 866 3244 dariabexcelso
881 3171 1041 3269 postulat
1055 3175 1342 3272 opportunitatis

367 3309 560 3389 eventum,
577 3320 652 3394 quo
667 3293 725 3366 vel
744 3295 795 3366 sic
808 3319 871 3365 rex
889 3293 1100 3392 compulsus
1121 3293 1247 3366 salutis
1267 3319 1341 3368 suae

366 3435 525 3492 sumeret
555 3421 796 3492 occasionem.
830 3416 972 3487 Bellum
1005 3419 1130 3515 itaque
1164 3443 1227 3488 rex
1253 3417 1342 3488 Ale-

366 3543 510 3610 mannis
530 3537 685 3628 indicit,
714 3535 778 3608 sed
800 3540 1017 3633 imparatos,
1044 3551 1086 3608 ut
1106 3539 1240 3630 voluit,
1262 3515 1339 3612 non

365 3657 531 3731 offendit.
565 3661 658 3730 Nam
682 3657 743 3750 hi,
762 3657 913 3731 collecta
939 3683 1054 3730 manu
1074 3657 1215 3752 valida,
1243 3663 1340 3734 circa

364 3785 461 3883 ripas
476 3781 595 3854 Rheni
610 3781 775 3854 fluminis
788 3785 865 3881 regi
878 3807 1088 3874 occurrere,
1104 3786 1337 3881 patriamque

363 3929 466 3978 suam
480 3906 612 3980 bellica
625 3908 760 3978 virtute
774 3903 970 3978 defendere
985 3918 1139 4008 tentant.
1156 3909 1337 3978 invocatis

362 4025 411 4098 ad
428 4029 604 4100 auxilium
619 4029 713 4130 regis
730 4025 799 4100 diis
820 4030 912 4122 suis,
930 4029 1064 4102 Franci
1083 4028 1123 4102 in
1144 4029 1223 4127 ipso
1241 4049 1336 4110 conv
