2932 4974
392 549 450 604 258
690 555 809 604 onnon.
828 557 907 604 osu.
926 558 969 602 er
991 556 1066 602 arn.

386 725 435 796 cit
447 745 522 794 suae
537 717 762 818 tyrannidis,
779 745 855 792 una
869 722 979 792 etiam
997 744 1074 792 non
1088 723 1215 818 paucis
1230 722 1355 798 altrin-

387 869 488 918 secus
505 843 715 916 interfectis.
736 845 791 914 De
815 867 890 942 quo
914 846 1002 942 quia
1024 841 1206 942 quiddam
1227 848 1356 920 mirum

389 991 431 1040 ae
449 965 688 1038 memorabile
701 967 748 1037 D.
766 967 957 1064 episeopus
975 964 1109 1040 referre
1125 965 1282 1061 solebat,
1305 993 1357 1042 no

387 1106 464 1164 tare
484 1113 692 1187 congruum
715 1089 904 1162 aestimavi.
937 1091 1019 1186 Ipsa
1039 1113 1202 1189 namque
1229 1107 1353 1184 noete,

386 1241 473 1288 cum
500 1212 548 1284 ad
575 1213 741 1284 Florinas
767 1210 933 1282 tenderet
958 1210 1179 1302 bellaturus,
1209 1215 1357 1286 iuoestus

329 1433 331 1438 s
386 1334 569 1435 siquidem
584 1333 687 1432 apud
704 1333 883 1405 Ni'vellam
909 1357 996 1405 eum
1019 1331 1181 1430 quadam
1205 1334 1356 1408 moniale

384 1453 574 1548 dormivit,
593 1481 676 1553 quae
689 1457 723 1526 ei
736 1457 776 1524 in
790 1454 909 1526 fibula
921 1479 996 1526 suae
1010 1457 1170 1528 camisiae
1191 1455 1356 1556 reliquias

382 1582 557 1677 pretiosas
570 1579 800 1668 innexuit,ut
813 1602 879 1675 per
891 1601 1022 1650 earum
1035 1582 1166 1652 merita
1177 1577 1355 1670 videlieet,

383 1706 423 1774 in
439 1705 518 1801 ipso
535 1701 664 1800 praelio
678 1701 886 1800 perieulum
901 1705 1079 1774 evasisset.
1089 1701 1163 1776 Ubi
1175 1727 1264 1776 vero
1277 1725 1354 1778 eum

383 1841 536 1900 ventum
555 1839 626 1917 est,
646 1849 756 1923 super
773 1839 920 1899 caeteras
942 1839 1054 1900 vestes
1077 1827 1188 1900 etiam
1210 1824 1354 1900 loricam

384 1948 575 2041 induitur,
590 1962 646 2040 et,
662 1961 706 2020 nt
722 1951 834 2022 moris
849 1966 903 2022 est
917 1949 1152 2040 bellantium,
1162 1951 1276 2050 capiti
1286 1951 1354 2021 in-

384 2075 540 2174 positam
554 2073 678 2144 loricae
690 2073 845 2145 strietim
860 2072 1194 2164 commisit,subtus
1210 2071 1354 2172 quidem

382 2197 547 2295 reliquiis
561 2199 600 2266 in
614 2193 726 2270 fibula
742 2197 898 2272 camisiae
912 2219 956 2267 ex
967 2193 1149 2268 industria
1159 2197 1353 2268 reservatis.

383 2323 467 2413 Quo
484 2321 691 2391 munimine
705 2318 837 2410 fretus,
854 2316 1143 2416 irnpenetrabilis
1159 2315 1272 2411 ferro,
1286 2317 1356 2390 bel·

383 2443 463 2514 lum
478 2440 625 2539 agebat,
645 2439 763 2513 donee
777 2465 819 2512 ex
835 2441 905 2514 Dei
921 2441 1111 2514 voluntate
1125 2455 1262 2514 saneto
1275 2441 1355 2514 reli·

382 2568 481 2664 quiae
503 2589 569 2663 per
592 2561 731 2634 medias
751 2577 885 2644 restes,
910 2578 947 2636 et
966 2589 1032 2664 per
1058 2565 1213 2637 loricam
1243 2565 1355 2638 subito

384 2698 635 2785 erumpentes,
656 2686 785 2785 procul
801 2711 930 2758 acervo
949 2684 1118 2786 lapidum
1141 2685 1354 2774 insiderent,

382 2813 424 2881 in
438 2811 523 2881 albo
540 2807 692 2908 quidem
707 2809 909 2907 panniculo
924 2810 1123 2881 involutae.
1146 2813 1279 2884 Statim
1297 2833 1355 2882 eo-

384 2955 481 3022 mes,
504 2930 644 3003 viribus
664 2928 885 3022 destitutus,
910 2930 1086 3006 occubuit
1108 2955 1238 3004 caeaus.
1260 2934 1356 3024 Quo-

383 3051 496 3124 modo
516 3077 603 3126 vero
626 3051 792 3150 reliquiae
811 3052 1043 3142 exiluissent,
1066 3077 1162 3124 unus
1177 3078 1220 3124 ex
1237 3076 1355 3154 perse-

384 3175 582 3276 quentibus
600 3179 773 3252 comitem
795 3177 968 3268 intuitus,
993 3173 1085 3248 dum
1106 3179 1229 3248 eaeteri
1247 3179 1355 3248 inter·

383 3299 514 3372 ficiunt
531 3297 692 3390 bostem,
709 3301 875 3372 inventas
891 3299 931 3369 in
947 3323 1012 3370 sua
1028 3323 1134 3371 ocrea
1150 3298 1355 3372 festinanter

383 3422 588 3496 absoondit.
609 3427 691 3495 Post
704 3423 844 3494 bellum
861 3447 948 3494 vero
965 3418 1109 3492 rediens
1125 3419 1300 3512 domum,
1322 3421 1355 3490 in

383 3545 461 3642 ipsa
484 3568 572 3616 coxa
594 3545 707 3641 eoeptt
732 3545 891 3639 graviter
919 3539 1126 3636 infirmari,
1156 3542 1354 3640 morboque

383 3677 563 3735 crescente
574 3677 739 3752 coactus,
759 3665 917 3763 qualiter
933 3663 1028 3736 illud
1040 3678 1209 3736 sanetum
1232 3667 1356 3764 pignus

382 3786 565 3858 invenerit
580 3783 762 3858 confessus
778 3801 843 3858 est.
862 3785 972 3878 Quod
986 3813 1072 3860 cum
1094 3787 1192 3858 fama
1222 3785 1355 3860 comitis

384 3907 622 3998 Herimanni,
642 3911 747 4006 cujus
762 3909 864 3982 miles
881 3925 978 4004 erat,
995 3911 1145 3983 auribus
1155 3909 1353 3992 detulisset,

384 4053 468 4101 eum
495 4032 598 4102 omni
618 4027 800 4104 desiderio
820 4033 993 4132 reliquias
1012 4035 1182 4132 quaesitas
1210 4031 1354 4116 babuit3
