2902 4972
446 541 490 587 ss
512 539 632 588 canon.
652 541 745 588 saun.
1032 531 1088 588 389

944 637 1097 650 u-——nr

116 700 220 802 largis
249 705 419 798 dilatata,
452 709 492 777 in
520 731 611 805 pace
631 705 863 780 habitaretur
879 723 916 780 et
937 708 1086 800 laetitia,

114 827 314 922 Gerardus,
336 828 645 902 Malus-Filiaster
673 825 973 927 cognisminatus,
1008 833 1089 930 jam

115 947 200 1022 olim
215 951 261 1023 ab
275 954 355 1051 ipso
369 953 539 1050 pueritiae
552 975 628 1023 suae
643 965 829 1051 tempore,
848 949 961 1022 hostis
981 953 1091 1050 pessi·
1209 1037 1215 1050 ,

114 1097 194 1146 mus
210 1073 324 1174 hujus
340 1073 453 1167 villas,
467 1085 510 1146 'et
523 1071 648 1147 adbuc
661 1076 702 1146 in
717 1099 798 1147 eam
811 1075 953 1175 spirans
966 1075 1091 1172 nequi-

115 1195 174 1266 tiae
193 1219 287 1288 suas,
301 1208 340 1268 v·
354 1195 422 1269 cal.
440 1197 546 1289 maii,
565 1195 719 1270 collecta
731 1177 903 1298 peditum
918 1195 1091 1288 militum·

114 1341 188 1415 que
232 1321 428 1393 innumera
466 1318 732 1413 multitudine,
769 1323 942 1394 accersito
979 1323 1090 1393 etiam

114 1427 324 1537 Haynoensi
341 1445 494 1534 comite,
520 1441 646 1514 villam
670 1440 833 1538 invadit,
860 1445 1091 1544 tuguriisque

114 1574 211 1635 extra
226 1565 351 1662 positis
364 1566 485 1662 ignem
500 1562 690 1638 admoveri
702 1565 801 1639 fecit.
818 1567 888 1638 Cui
903 1568 1028 1658 etiam,
1043 1564 1092 1639 ad

115 1685 413 1784 supplementum
436 1687 587 1761 malitiae
610 1713 707 1780 suae,
729 1687 859 1762 divino
882 1666 1025 1782 tamen,
1049 1703 1092 1763 ut

116 1807 315 1904 credimus,
340 1810 504 1911 judicio,
535 1825 666 1884 ventus
693 1809 890 1884 vehemens
911 1813 959 1884 ab
980 1814 1095 1886 austri

115 1933 281 2029 partibus
300 1949 452 2036 repente
473 1937 511 2006 in
532 1933 695 2009 adventu
715 1938 794 2034 ejus
815 1959 1013 2032 exurgens,
1034 1932 1095 2006 fa-

114 2054 312 2150 mulando,
329 2071 372 2129 ut
386 2060 438 2130 ita
456 2055 798 2150 dicam,voluntasi
813 2059 910 2155 ejus,
928 2054 1020 2130 adeo
1036 2057 1097 2130 ri·-
1205 2073 1210 2078 '
1292 2143 1296 2154 ⁴

114 2173 271 2253 debatur
285 2179 485 2270 deservire,
501 2193 545 2254 ut
558 2193 748 2278 arreptum
765 2181 888 2277 ignem
907 2177 1035 2252 flando
1058 2195 1096 2254 et

115 2301 206 2375 vires
220 2305 255 2376 ei
274 2299 469 2396 addendo,
486 2329 553 2404 per
570 2316 685 2376 totam
707 2301 833 2375 villam
855 2299 1093 2375 diffunderet.

115 2422 194 2516 Quo
210 2427 374 2524 graviter
388 2413 662 2517 exardescente,
679 2435 716 2498 et
733 2425 1024 2524 circumquaque
1039 2449 1096 2498 so·

114 2542 258 2622 lotenus
274 2547 537 2642 debacchante,
554 2545 706 2620 celerius
722 2571 835 2646 quam
851 2545 951 2622 credi
966 2549 1093 2645 possit,

115 2663 246 2742 dumus
262 2693 390 2742 omnes
407 2667 576 2741 funditus
590 2681 820 2766 consumptae
843 2681 943 2739 sunt.
965 2668 1096 2740 Eccle-

115 2791 164 2863 sia
189 2807 318 2866 autem
348 2806 492 2884 nostra,
523 2817 610 2864 cum
641 2787 816 2862 omnibus
846 2787 1029 2882 aedificiis,
1055 2791 1092 2863 S.

117 2913 294 3006 Martini,
329 2917 365 2987 S.
395 2913 575 3007 Andreas,
611 2939 698 2988 cum
726 2911 839 2987 domo
867 2913 1093 3014 episcopali,

117 3035 277 3112 flammis
290 3038 499 3110 furentibus
515 3051 657 3131 exusta,
683 3035 848 3111 deforme
871 3040 928 3111 sui
950 3031 1095 3137 specta-

117 3160 243 3236 culum
260 3161 466 3263 praebuere.
487 3164 631 3235 interea
660 3161 730 3235 viri
750 3187 835 3235 cum
860 3159 1092 3251 mulieribus,

113 3285 267 3382 juvenes
298 3309 384 3359 cum
406 3286 548 3383 pueris,
571 3307 740 3383 pressura
763 3281 999 3354 flammarum
1021 3284 1096 3354 cir-

117 3410 317 3511 cumsepti,
340 3408 416 3481 huc
436 3405 603 3505 illucque
627 3432 649 3478 a
672 3406 763 3480 facie
788 3407 968 3479 saevientis
1000 3405 1095 3502 ignis

118 3527 338 3632 diffugiunt5
361 3529 480 3603 donec
501 3531 540 3601 in
556 3529 702 3602 castello
718 3543 840 3602 tutum
857 3527 927 3602 sibi
943 3527 1020 3600 fore
1034 3553 1097 3602 re-

116 3653 261 3754 fugium
276 3656 412 3729 frustra
429 3667 635 3754 sperantes,
660 3655 837 3752 gregatim
858 3655 1102 3752 irrumpunt,

118 3803 184 3854 nec
198 3795 325 3852 tamen
340 3777 468 3850 mortis
489 3774 685 3849 discrimen
702 3774 880 3848 evadunt.
899 3776 994 3847 Nam
1010 3799 1097 3846 cum

118 3903 211 4000 iguis
237 3901 433 4004 pervolans
466 3899 622 3974 domum
658 3901 839 3999 episcopi,
876 3912 1099 3996 caeterasque
1228 3948 1241 3968 .
1333 3957 1337 3964 .

117 4025 212 4101 aedes
228 4037 459 4127 occupasset,
477 4022 575 4098 infra
588 4021 771 4098 ambitum
791 4017 948 4115 castelli,
970 4041 1096 4096 omnes
