2932 4974
1148 521 1332 540 Q*-

385 565 442 620 2⁴4
686 571 809 621 ennon.
829 571 908 617 CAN.
927 571 970 616 ΕΤ
989 571 1067 616 m.

383 763 483 814 mam
500 737 748 812 ecclesiasticae
764 737 975 836 religionis,
991 749 1028 810 et
1044 736 1245 812 mundanae
1260 737 1351 814 disci-

381 861 524 962 plinam
541 865 626 935 satis
646 860 789 936 viderat
809 861 1028 934 honestatis.
1052 861 1259 962 Episcopali
1277 887 1350 937 vero

384 1009 539 1057 munere
555 984 775 1076 infulatum,
796 986 876 1082 ipso
895 979 1048 1081 quidem
1073 981 1155 1078 die,
1179 999 1216 1058 et
1238 989 1350 1060 crasti-

382 1129 453 1200 no,
471 1106 741 1205 purificationis
753 1105 889 1178 scilicet
903 1103 1070 1202 gloriosae
1083 1105 1153 1178 Dei
1176 1109 1347 1205 genitricis

383 1230 523 1322 Mariae,
539 1253 663 1302 secum
677 1231 877 1327 imperator
901 1224 1075 1320 detinuit,
1085 1232 1192 1300 tertio
1204 1255 1287 1304 vero
1300 1229 1350 1302 die

381 1351 570 1424 licentiam
585 1348 798 1426 discedendi
810 1348 1107 1443 accommodans,
1117 1349 1351 1425 abbatibusvi·

382 1471 515 1546 delicet
523 1471 723 1566 Richardo,
739 1487 774 1545 et
787 1468 957 1544 Bertaldo
969 1469 1147 1566 Endensi,
1165 1472 1229 1546 sed
1243 1488 1277 1546 et
1289 1476 1348 1546 lle·

383 1598 569 1668 rimanno'
593 1597 719 1668 comiti
751 1619 817 1693 per
845 1593 1068 1690 legationem
1099 1598 1289 1694 praecepit,
1313 1609 1348 1666 ut

382 1716 592 1792 Gerardum
620 1719 861 1808 comitantes,
890 1714 938 1788 ad
968 1715 1101 1788 urbem
1133 1720 1346 1791 commissam

383 1864 500 1940 usque
513 1839 753 1915 deducerent.
772 1843 837 1914 His
862 1864 949 1938 ergo
970 1839 1251 1932 comitantibus,
1275 1865 1347 1914 cum

383 1967 453 2036 iter
472 1964 626 2058 faciens,
644 1965 1094 2058 valentianensecastrum
1101 1987 1197 2060 pene
1209 1963 1346 2051 subiret,

382 2085 584 2160 Balduinus
599 2111 740 2179 comes,
757 2084 886 2156 audito
903 2087 956 2156 rei
976 2085 1094 2176 exitu,
1116 2085 1226 2157 etiam
1245 2087 1348 2158 comi-

382 2224 525 2282 taturus
540 2235 731 2284 occurrere
745 2208 950 2302 festinavit,
967 2219 1141 2308 tantaque
1162 2211 1266 2308 copia
1285 2205 1349 2279 ful-

383 2347 459 2427 tus,
489 2335 528 2404 in
556 2333 689 2406 urbem
717 2333 906 2432 pervenit,
930 2311 1114 2429 apopulo
1137 2329 1300 2404 videlicet
1318 2342 1349 2399 et

382 2456 481 2530 clero
503 2481 589 2527 cum
612 2455 696 2526 laeta
716 2468 752 2526 et
776 2454 1036 2526 officiosissima
1055 2453 1263 2526 celebritate
1275 2475 1348 2556 'sus-

383 2579 639 2679 ceptus.Missi
655 2603 742 2650 vcro
757 2579 845 2675 regii
861 2574 1078 2674 praedictam
1091 2576 1243 2649 Walteri
1256 2575 1348 2668 saeri-

384 2705 482 2775 tiam.
492 2699 704 2793 audientes,
725 2699 949 2772 mordaciter
964 2698 1072 2770 illum
1095 2711 1238 2772 etcum
1261 2695 1348 2769 indi-

382 2821 885 2923 gnationercprehendunt:
916 2823 1031 2891 immo
1064 2835 1100 2892 et
1127 2825 1203 2919 quo
1232 2819 1348 2920 spiritu

382 2971 468 3018 cum
483 2945 563 3016 aliis
577 2944 703 3035 malis,
725 2946 836 3017 etiam
860 2941 1015 3014 domum
1036 2945 1277 3042 episcopalem
1294 2965 1349 3012 oo·

380 3093 518 3166 cupare
531 3069 823 3167 praesumpserit,
848 3079 993 3163 rogant.
1015 3067 1087 3158 Qui
1116 3091 1203 3139 mox
1236 3066 1347 3138 falsam

381 3187 631 3264 defensionem
639 3179 1348 3288 objiciens,fallacitercomposuit,quod

380 3312 433 3384 ita
453 3335 490 3384 se
515 3311 651 3410 facere,
680 3338 756 3386 non
786 3312 1083 3408 causarapinae,
1111 3309 1176 3382 sed
1198 3307 1348 3382 tuitionis

382 3431 556 3507 adversus
585 3432 758 3532 Balduini
785 3435 927 3507 comitis
957 3435 1160 3530 impetum,
1188 3434 1247 3506 cui
1265 3425 1347 3519 male

382 3573 569 3668 suspectus
597 3572 700 3647 erat,
729 3555 922 3656 disposuit.
956 3559 1036 3632 Hoc
1068 3572 1192 3630 autem
1207 3559 1348 3654 ,longas

383 3681 436 3752 rei
458 3681 611 3752 veritate
632 3680 832 3772 seclusum,
849 3707 892 3753 ac
910 3681 1025 3777 magis
1044 3678 1132 3771 dolo
1153 3683 1265 3780 quam
1284 3673 1347 3749 lide

382 3798 576 3874 suffultum
590 3800 668 3872 fore
681 3798 929 3901 respondent,
949 3803 1152 3898 praesertim
1172 3827 1257 3875 cum
1276 3817 1347 3872 suas

382 3947 469 4023 opes
485 3926 639 4006 intactas
655 3925 865 4023 reliquerit:
880 3923 1102 4022 episcopales
1116 3949 1203 4008 vcro
1221 3923 1348 3996 abnor-

383 4049 436 4118 mi
450 4046 626 4122 effusione
640 4048 920 4146 consumpserit.
936 4041 1177 4145 Tandemque
1191 4067 1275 4120 oum
1296 4063 1347 4116 ase
