2932 4974
346 522 404 576 W
636 519 756 567 Cllllllll·
779 519 859 566 um.
878 520 921 564 ΒΤ
944 517 1021 564 ΛΤΒ.

347 695 465 789 tisque
482 689 597 762 saneti
617 687 687 759 riri
709 681 1013 780 suffragantibus,
1038 683 1090 753 ita
1115 693 1215 756 totus
1232 687 1333 781 ignis

346 811 525 885 submisso
540 808 667 880 furore
680 805 889 903 obtorpuit,
907 815 950 875 ut
963 801 1154 876 rorulento
1167 801 1334 903 desuper

346 933 466 1005 imbre
478 953 684 1028 respersum
700 928 908 998 aestimares.
926 923 1044 996 Multa
1057 926 1169 996 etiam
1190 949 1334 998 occur-

346 1067 437 1126 runt
452 1050 663 1140 referenda,
678 1047 743 1123 sed
763 1061 916 1146 angusta
936 1045 1096 1122 brevitas
1113 1046 1230 1118 libelli
1250 1073 1332 1119 non

275 1168 278 1178 ’
346 1155 501 1273 patitur.
529 1169 628 1263 Quid
652 1188 738 1244 vero
764 1169 812 1242 de
837 1165 1078 1242 multitudine
1097 1165 1333 1241 diversorum

346 1295 605 1392 languentium
618 1291 771 1392 loquar,
788 1291 853 1390 qui
869 1289 957 1360 illue
965 1287 1132 1387 quotidie
1144 1289 1335 1364 conlluen·

350 1428 402 1486 tes
414 1416 607 1486 sanitatem
621 1413 826 1510 recipiunt?
851 1407 951 1501 Quid
971 1407 1051 1485 haec
1074 1407 1217 1502 dicam,
1241 1437 1332 1484 cum

352 1535 510 1633 amplius
523 1536 604 1605 visu
619 1558 732 1632 quam
746 1530 850 1605 dictu
863 1557 1006 1630 semper
1020 1535 1238 1630 appareant?
1253 1535 1336 1606 Nu-

351 1681 418 1756 per
430 1678 517 1726 sane
531 1667 567 1726 et
583 1657 766 1753 meipsum
780 1654 944 1728 febribus
961 1653 1243 1728 intolerabiliter
1274 1657 1336 1730 la-

351 1758 566 1871 borantem,
584 1778 766 1875 sospitati,
785 1778 863 1851 Deo
876 1779 1029 1875 gratias,
1050 1779 1222 1850 restituit.

657 1987 818 2171 llop.
902 2039 1033 2117 vnr.

547 2297 691 2342 ΙΩΙΜΟΙ
698 2298 777 2342 ⁸11ss
785 2297 947 2342 mnu
959 2297 1137 2342 mmm.

353 2469 532 2584 Mutua
544 2503 827 2578 incommoditas
846 2505 977 2598 febris,
1004 2531 1087 2605 quae
1107 2527 1167 2578 me
1186 2473 1255 2580 diu
1279 2523 1339 2582 te-

355 2629 458 2720 nuit,
481 2627 594 2700 verba
615 2624 728 2700 modo
748 2629 958 2726 succingere
978 2631 1089 2726 cogit.
1111 2630 1214 2702 Licet
1232 2634 1337 2704 enim

355 2747 488 2842 modo,
505 2748 611 2846 pulsa
627 2747 813 2842 molestia,
834 2749 914 2822 Deo
926 2753 1080 2848 gratias,
1099 2749 1339 2850 paulisperin
1464 2819 1465 2824 ,

355 2894 508 2968 corpore
524 2869 795 2963 convalescam,
812 2871 937 2945 adhuc
954 2887 1077 2946 tamen
1094 2875 1174 2972 ipso
1196 2877 1341 2948 recenti

355 2988 484 3062 dolore
501 3013 604 3061 mens
617 2991 777 3064 sauciata
793 2991 958 3084 labascit,
979 3018 1047 3066 nec
1059 2996 1093 3064 ei
1107 2996 1224 3068 virtus
1242 2996 1340 3070 inte·

355 3135 420 3208 gra
446 3108 494 3182 ad
520 3109 628 3209 plene
646 3110 885 3186 scribendum
912 3114 1058 3188 sufficit.
1096 3116 1217 3212 Hujus
1248 3143 1339 3216 ergo

356 3230 524 3330 opusculi
539 3235 726 3330 negotium
740 3237 866 3318 stricto
879 3235 1020 3310 calamo
1038 3237 1185 3310 iuterim
1204 3263 1342 3336 prose-

356 3379 528 3452 quamur.

695 3516 857 3698 (lap.
901 3565 985 3640 rx.

712 3799 750 3838 D!
768 3797 790 3838 8.
808 3797 973 3839 suasuro.

357 3941 417 4054 S.
432 3980 601 4056 numeru
615 3982 877 4058 monasterium
895 3979 943 4054 ad
967 4003 1103 4080 paucos
1120 3984 1345 4078 canonicos,
