2906 4970
445 591 539 636 fflfflt
557 593 706 636 tentius.

86 758 280 856 utriusque
293 779 402 830 causa
416 755 505 828 huic
523 753 658 853 placito
673 755 870 830 interfuere
892 761 939 832 H.
958 786 1064 836 reum

86 893 279 972 vocantes,
297 893 435 954 terram
458 903 571 977 quam
594 875 640 950 dc
661 883 833 980 episcopo
854 883 1000 956 tenebat
1028 888 1063 960 ei

87 1000 361 1100 abjudicavere.
377 1003 486 1101 Hugo
499 1000 679 1074 autemad
687 1005 949 1102 municipium,
963 1005 1066 1107 quod

86 1123 188 1225 apud
216 1125 377 1197 Oiseium
402 1125 472 1196 sibi
498 1139 709 1226 paraverat,
736 1125 947 1224 abjudicata
969 1143 1065 1202 terra

85 1273 150 1321 sua
165 1246 297 1339 rediit,
311 1262 354 1319 et
370 1244 509 1319 malum
527 1245 700 1320 adversus
721 1249 934 1348 episcopum
949 1249 1068 1324 iacere

86 1393 165 1442 non
190 1371 353 1442 cessavit.
374 1370 579 1468 Episcopus
599 1382 723 1440 tamen
746 1371 928 1468 patienter
950 1369 1068 1446 ferens

87 1489 170 1562 haec
201 1493 344 1583 omnia,
373 1491 515 1591 abjecto
546 1493 677 1564 timore
704 1491 934 1591 paroechiam
961 1518 1068 1568 suam

88 1613 327 1718 circumibat,
357 1613 521 1688 ecclesias
554 1641 638 1714 quae
674 1614 932 1690 consecrandae
961 1629 1069 1690 erant

88 1733 328 1827 benedicens,
347 1751 383 1809 et
399 1751 531 1810 caetera
546 1739 738 1812 ministerii
754 1740 810 1812 sui
829 1764 940 1838 opera
957 1739 1065 1839 perfi-

89 1851 198 1936 ciens.
215 1857 359 1934 Accidit
376 1873 499 1932 autem
515 1875 575 1949 ut,
591 1886 676 1936 cum
694 1858 806 1966 hujus
819 1861 956 1934 laboris
969 1887 1068 1936 exer·

91 1985 194 2076 citio,
214 1981 263 2056 ad
279 1981 467 2082 quandam
489 1980 639 2072 villam,
653 1981 877 2056 Buricclium
899 1985 1066 2074 nomine,

93 2103 298 2198 deveniret,
317 2104 580 2202 ecclesiamque
592 2103 689 2176 viilae
697 2105 775 2201 ejus
783 2102 1068 2178 consecrandam

92 2227 343 2320 benediceret,
365 2243 401 2301 et
425 2229 507 2328 post
528 2228 838 2300 consecrationem
860 2227 900 2298 in
924 2225 1071 2301 confir-
1188 2289 1194 2298 .

95 2348 236 2422 mandis
249 2352 360 2424 ctiam
376 2347 605 2440 hominibus,
624 2345 809 2446 fatigatus,
829 2345 968 2421 ibidem
983 2373 1069 2447 per·

96 2487 270 2546 noctaret.
287 2471 483 2546 Praeiatum
497 2495 585 2544 vero
604 2472 799 2570 Hugonem
818 2495 937 2544 sermo
958 2469 1069 2570 hujus

96 2597 143 2666 rei
163 2621 242 2668 non
263 2595 391 2686 latuit,
417 2597 482 2694 qni
504 2597 659 2696 acceptis
680 2619 804 2668 secum
826 2594 1069 2694 complicibus

97 2719 183 2810 suis,
206 2715 255 2791 ad
275 2715 430 2790 domum
457 2715 560 2790 illam
593 2719 781 2816 pervenit,
817 2718 857 2788 in
888 2742 963 2814 qua
990 2719 1070 2814 jam

98 2837 185 2912 lecto
199 2853 369 2939 receptus
392 2843 604 2942 episcopus,
627 2840 755 2912 lassata
775 2838 942 2912 membra
965 2863 1071 2912 com-

100 2963 295 3035 mendabat
309 2965 446 3064 quieti,
461 2964 583 3040 fractis
605 2962 738 3038 domus
760 2961 871 3062 hujus
891 2965 1010 3055 ostiis,
1035 2976 1072 3036 ct

102 3085 320 3184 quibusdam
334 3087 583 3160 resistentibus
598 3085 816 3176 interiectis,
833 3088 1002 3184 pervenit
1024 3083 1074 3158 nd

102 3231 280 3284 cameram
303 3209 371 3282 ubi
396 3208 560 3308 pontifex
581 3205 770 3280 cubitabat
784 3230 869 3280 cum
882 3205 1072 3298 Wiboldo,

103 3335 295 3432 praeposito
308 3359 397 3426 suo,
420 3347 457 3405 et
478 3330 674 3430 capellanis
694 3331 781 3434 suis.
807 3329 971 3400 Sentiens
989 3331 1076 3402 Wi-

104 3447 232 3528 boldus
247 3453 351 3528 dolos
368 3468 405 3528 et
419 3452 633 3528 violentiam
650 3449 887 3549 hujusmodi,
902 3451 995 3522 ostio
1011 3474 1076 3524 ca-

106 3597 228 3672 merae,
248 3581 351 3677 quasi
370 3603 438 3678 pro
455 3577 579 3668 obice,
598 3599 672 3648 sese
687 3575 879 3675 opposuit:
896 3571 959 3648 sed
980 3599 1078 3648 unus

106 3695 269 3792 pluribus
295 3703 458 3774 resistere
483 3725 560 3774 non
582 3697 726 3790 valens,
750 3697 866 3772 fracto
892 3700 1004 3791 ostio,
1031 3697 1078 3770 ab

106 3817 180 3914 ipso
194 3823 241 3892 H.
261 3824 502 3921 interemptus
524 3819 712 3894 occubuit.
739 3820 909 3920 Denique
932 3823 1079 3918 episco-

108 3963 215 4035 pum,
231 3946 325 4017 sicut
339 3949 377 4017 in
391 3945 486 4018 lecto
496 3943 656 4044 jacebat,
667 3969 751 4016 cum
761 3944 1078 4030 camisiatantnm,

110 4057 167 4136 ille
182 4067 330 4140 insanus
347 4065 535 4142 homicida
549 4092 624 4141 non
644 4069 768 4140 timuit
781 4067 964 4164 accipere,
981 4075 1018 4135 et
1032 4057 1081 4134 ad
