3044 4968
195 523 570 535 *mm

556 571 648 617 blm
664 570 792 617 PRIMUS.
1105 563 1163 616 ΗΒ

182 736 218 807 ei
234 731 403 808 videlieet
428 736 500 810 sibi
528 745 640 836 eaput
661 729 897 826 redderetur,
920 735 991 834 ipsi
1012 747 1164 807 ornnem

186 855 354 954 praedsrn
370 869 408 931 et
421 871 551 928 omnes
566 859 748 956 captivos,
773 855 837 927 sed
857 870 895 927 et
914 861 1039 930 omnia
1057 883 1167 958 qnaeM

185 998 339 1076 nunque
355 981 396 1048 in
413 975 486 1050 heo
506 979 639 1051 vieinia
656 987 874 1077 rapuerunt,
897 1001 1015 1078 usque
1028 978 1075 1051 ed
1091 983 1167 1051 mi-

184 1101 339 1170 nimum
355 1101 604 1192 restituerent,
619 1101 738 1198 posite
752 1096 887 1170 deinde
899 1125 1026 1200 pugne
1039 1122 1166 1202 paoem

185 1223 448 1320 composituri.
469 1223 518 1293 Hi
534 1241 621 1304 vero
642 1223 757 1320 magis
776 1219 866 1293 dolo
889 1227 1047 1322 suspecti
1080 1251 1169 1299 exo-

188 1355 273 1415 rate
285 1341 461 1416 refutem.
473 1345 556 1436 Quo
572 1345 741 1443 Hungun‘
754 1342 915 1443 emplius
926 1355 962 1416 et
975 1346 1171 1424 inrationn·

191 1461 321 1535 biliter
336 1462 492 1558 efferati,
507 1461 704 1539 incendere
719 1463 900 1564 templum
913 1465 1042 1538 leviori
1058 1493 1170 1568 nego-

189 1586 247 1659 tio
259 1585 426 1659 arbitrati
444 1599 554 1680 sunt,
576 1603 845 1687 murorumque
856 1591 1170 1688 expugnationem

187 1706 437 1802 declinantes,
452 1707 501 1782 nd
517 1709 658 1811 fastigia
672 1709 801 1810 tempii
816 1709 888 1782 telo
901 1704 1069 1791 ardentio
1085 1737 1171 1788 oer-
1292 1719 1297 1732 ’

190 1833 298 1904 tutirn
306 1832 534 1932 joeuinntnr.
546 1827 604 1906 Ad
618 1833 828 1906 boonostris
835 1830 987 1908 undem
995 1834 1169 1932 quaedam
1187 1813 1191 1824 Ι

190 1956 375 2026 mentium
388 1955 460 2026 fnit
473 1959 739 2046 consternatio,
755 1957 949 2054 gravisque
962 1978 1040 2055 pree
1055 1960 1170 2030 tirno-

193 2101 235 2150 re
261 2075 434 2161 deiectio,
457 2079 660 2178 prevalere
677 2077 816 2155 hostes,
837 2091 916 2147 non
942 2075 1079 2150 hebere
1100 2079 1170 2151 sibi

194 2197 319 2271 iocum
337 2199 573 2273 defensionis.
594 2201 688 2272 dene
708 2197 780 2270 iilis
800 2197 879 2268 siue
901 2196 1171 2274 intermissione

187 2321 459 2422 jaculantibus,
471 2325 551 2422 jam
566 2323 684 2395 vietur
700 2319 795 2417 ignis
816 2343 912 2419 pene
927 2320 1172 2420 inrecupera-

193 2443 319 2517 biliter
336 2459 432 2518 tecta
460 2457 619 2537 teneret,
655 2445 728 2516 nisi
756 2440 910 2544 quidem
938 2465 982 2515 ex
1006 2443 1167 2541 clericis,

193 2566 558 2661 Sorreldusnomine,
572 2569 656 2660 Dei,
672 2567 797 2660 oredo,
810 2569 947 2642 virtute
958 2566 1167 2665 roboratus,

192 2703 344 2790 sumpto
356 2705 480 2763 senum
494 2713 600 2790 sque
615 2688 765 2763 vasculo
775 2690 850 2760 eito
862 2713 974 2786 super
987 2690 1169 2787 templum

193 2805 419 2886 ascenderet.
449 2814 521 2906 Qui
549 2809 727 2885 resticulis
752 2809 882 2902 nixus,
903 2835 994 2911 quas
1014 2809 1173 2911 desuper

196 2935 364 3008 trabibus
389 2933 566 3033 clangorii
592 2919 786 3006 artificiose
821 2933 1009 3028 innexuit,
1045 2947 1173 3036 sparso

193 3057 303 3131 latine
316 3061 440 3156 ignem
454 3057 708 3156 extinguebat,
722 3056 941 3157 volucrique
959 3056 1084 3130 studio
1102 3083 1172 3132 su·-

194 3203 266 3279 per
280 3181 443 3254 eulmina
456 3183 652 3272 cursitans,
669 3201 821 3280 opernm
835 3193 985 3252 omnem
1008 3178 1172 3254 bostium

200 3297 383 3374 eludebat.
399 3302 568 3394 Mirabile
584 3299 706 3374 dictu!
723 3301 816 3370 Sane
832 3302 873 3369 in
887 3314 1085 3398 conspeetu
1103 3302 1176 3374 ad-

198 3425 440 3498 versariorum
462 3423 671 3497 discurrens
688 3434 725 3495 et
745 3419 892 3494 vulneri
912 3430 1060 3520 patene,
1080 3422 1172 3521 sed,

196 3546 301 3649 qood
323 3572 380 3622 res
400 3551 479 3648 ipsa
501 3546 661 3640 indicat,
689 3545 829 3620 meritis
860 3543 1078 3618 beatissime
1105 3547 1175 3624 Dei

195 3673 410 3770 genitricis,
441 3685 479 3744 et
504 3673 541 3744 S.
572 3669 767 3767 Geugeriei
788 3667 1060 3743 interventione
1080 3697 1176 3772 pro-

195 3806 314 3867 tectus
330 3844 341 3887 ‚
360 3810 428 3866 suu
447 3813 559 3893 opera
587 3788 635 3864 ab
655 3787 797 3863 excidio
819 3786 1001 3890 ternplum
1021 3795 1173 3890 eripuit.

193 3917 294 3990 Hinc
307 3915 425 3988 animi
437 3927 648 3987 nostrorum
662 3912 791 3984 erecti:
807 3910 980 3986 ditinum
992 3909 1177 4010 siquidem

192 4039 379 4120 aurinum
395 4041 606 4129 sentientes,
622 4035 860 4120 formidinem
874 4047 1042 4135 ponunt,
1057 4059 1101 4108 ae
1114 4059 1177 4110 va·
