2902 4972
328 565 332 570 ’
441 577 485 624 an
508 577 628 624 canon.
651 577 743 624 rann.
1023 573 1076 626 3⁰1

98 767 165 841 pos
193 766 271 814 non
299 754 444 814 tantum
476 744 515 814 in
543 745 865 842 circumjacentem
891 745 1079 842 regionem

99 864 336 964 malignitatis
352 890 428 938 suae
446 867 540 939 vires
557 861 705 958 effudit,
724 864 788 938 sed
807 879 843 937 et
863 868 979 966 ipsam
1006 870 1080 938 Ca-

99 1012 345 1060 meracensem
368 985 536 1061 vexando
563 991 695 1086 saepius
724 987 877 1078 urbem,
905 990 1079 1061 viciniam

97 1133 249 1180 omnem
287 1105 546 1208 depopulans,
575 1107 679 1181 villas
716 1105 908 1200 incendit,
939 1109 1078 1206 rapinis

97 1229 235 1304 crebris
254 1245 290 1304 et
311 1229 555 1304 taxationibus
579 1230 726 1330 plebem
748 1231 941 1331 oppressit.
963 1231 1012 1301 Et
1032 1257 1080 1305 nc

97 1353 209 1453 plura
221 1351 374 1452 loquar,
390 1353 428 1424 in
443 1353 546 1424 omni
562 1351 682 1454 patria
703 1406 712 1445 ,
742 1377 809 1452 per
827 1377 980 1425 manum
1000 1355 1079 1452 ejus

99 1475 345 1578 multiplicata
361 1473 457 1546 liunt
473 1474 600 1575 gravia
616 1473 713 1546 mala
731 1487 767 1545 et
783 1471 999 1546 homicidia.
1022 1475 1078 1548 De

98 1587 156 1671 bis
165 1601 246 1698 jam
266 1597 374 1672 taedet
387 1598 495 1696 plura
512 1596 660 1671 referre.
676 1599 759 1670 Post
777 1593 875 1690 baec,
893 1595 1079 1669 mensibus

101 1721 218 1796 tribus
233 1724 409 1814 emensis,
429 1734 479 1794 1v⁰
496 1747 585 1793 non.
601 1703 785 1822 sequentis
799 1721 968 1818 augusti,
989 1717 1081 1792 seria

91 1859 250 1944 quarta,
272 1845 367 1917 hora
386 1859 483 1916 sexta
508 1843 601 1938 diei,
625 1843 748 1918 subito
776 1829 968 1914 visibiliter
992 1842 1081 1936 obs·
1174 1875 1179 1887 ·

100 1981 222 2040 curato
237 1966 328 2058 sole,
337 1968 377 2036 in
391 1991 539 2038 omnem
548 1980 683 2038 terram
691 1963 796 2038 factae
808 1963 1077 2054 sunttenebrae,

100 2103 134 2163 et
158 2087 268 2171 nohis
294 2086 422 2161 divina
451 2087 664 2184 agentibus,
687 2087 762 2158 fere
789 2083 955 2178 dimidiae
976 2083 1092 2183 horae,

98 2213 225 2314 spatio,
235 2235 484 2311 permansere.
495 2213 586 2302 Quae
601 2233 657 2281 res
672 2194 969 2308 quumomnium
978 2199 1088 2279 men?
1167 2287 1174 2296 ⁸

102 2349 150 2407 tes
174 2333 422 2407 admiratione
454 2331 563 2404 simul
594 2356 636 2404 ac
668 2344 818 2432 stupore
848 2343 1079 2425 concuteret,

101 2457 249 2556 quidam
267 2457 371 2557 quasi
386 2454 644 2554 prudentiores
662 2452 825 2554 eclipsim
843 2451 927 2526 solis
945 2478 986 2525 ex
1008 2479 1080 2552 op-

101 2582 250 2678 positate
278 2579 379 2650 lunae
404 2575 576 2650 dicebant
598 2575 783 2651 accidisse.
805 2573 915 2670 Quod
936 2602 1081 2678 nequa-

101 2701 310 2800 quam‘fieri
328 2725 430 2799 posse
445 2702 539 2772 ratio
553 2713 674 2799 patet,
691 2699 808 2772 solem
823 2697 959 2772 scilicet
976 2700 1081 2801 eclip-

102 2825 164 2898 sim
178 2853 200 2898 a
214 2825 322 2912 luna,
342 2825 411 2896 nisi
427 2826 466 2896 in
481 2821 705 2915 interlunio,
724 2823 801 2921 pati
816 2846 939 2922 posse:
959 2848 1078 2922 quum

103 2965 236 3022 constet
249 2974 295 3020 ea
310 2943 369 3018 die
386 2946 515 3018 lunam
529 2959 663 3019 xxvuffl
682 2944 805 3018 fuisse.
821 2943 983 3038 Quidam
991 2970 1078 3017 vero

104 3069 330 3167 probabilius
353 3069 559 3142 asserebant
586 3066 657 3141 hoc
678 3071 824 3168 signum
841 3069 1079 3142 tenebrarum

105 3191 242 3294 aliquid
278 3193 365 3265 novi
391 3190 552 3290 prodigii
577 3193 812 3290 praesignare.
839 3191 991 3264 Dictum
1010 3205 1078 3286 est,

104 3316 218 3389 multo
233 3329 338 3418 post,
356 3341 378 3387 a
400 3313 641 3387 redeuntibus
662 3314 708 3387 de
730 3313 979 3404 Hierusalem,
999 3315 1078 3412 ipsa

104 3436 179 3532 die,
195 3467 237 3513 ea
256 3439 349 3512 hora
363 3438 620 3530 tenebrarum,
637 3436 945 3537 quadringentos,
964 3438 1079 3534 quin-

105 3589 172 3660 que
188 3565 331 3654 minus,
347 3561 479 3634 milites
494 3561 540 3633 de
557 3560 692 3660 templo
707 3587 727 3632 a
742 3561 964 3650 sarracenis,
981 3571 1080 3632 trans

106 3683 257 3782 ssunren,
275 3711 349 3760 esse
363 3699 585 3790 peremptos.
603 3686 677 3756 Nec
689 3685 846 3776 mirum,
865 3687 915 3774 si,
937 3685 976 3754 in
991 3708 1081 3756 suo-

105 3834 185 3882 rum
200 3809 454 3884 membrorum
470 3811 668 3900 occisione,
685 3808 864 3906 placuerit
877 3807 957 3879 Deo
970 3819 1079 3878 tene-

104 3930 184 4005 bras
205 3930 349 4005 mundo
368 3929 563 4022 inducere,
586 3933 626 4000 in
647 3932 753 4030 cujus
773 3943 890 4002 morte
911 3927 1025 4035 solem
1044 3937 1081 3998 et

105 4069 219 4130 totum
239 4053 425 4128 mundum
439 4067 580 4130 constat
593 4053 876 4130 obtenebratum
890 4050 1010 4123 luisse.
