<?xml version="1.0" encoding="UTF-8"?>
<!DOCTYPE html PUBLIC "-//W3C//DTD XHTML 1.0 Transitional//EN"
    "http://www.w3.org/TR/xhtml1/DTD/xhtml1-transitional.dtd">
<html xmlns="http://www.w3.org/1999/xhtml" xml:lang="en" lang="en">
 <head>
  <title>
</title>
<meta http-equiv="Content-Type" content="text/html;charset=utf-8" />
  <meta name='ocr-system' content='tesseract 3.04.00' />
  <meta name='ocr-capabilities' content='ocr_page ocr_carea ocr_par ocr_line ocrx_word'/>
</head>
<body>
  <div class='ocr_page' id='page_1' title='image "./chroniquedarras00glaygoog_0601.png"; bbox 0 0 2956 4966; ppageno 0'>
   <div class='ocr_carea' id='block_1_1' title="bbox 412 555 1095 632">
    <p class='ocr_par' dir='ltr' id='par_1_1' title="bbox 412 555 1095 632">
     <span class='ocr_line' id='line_1_1' title="bbox 412 555 1095 632; baseline -0.004 0"><span class='ocrx_word' id='word_1_1' title='bbox 412 579 475 632; x_wconf 82' lang='lat' dir='ltr'>eun</span> <span class='ocrx_word' id='word_1_2' title='bbox 491 581 550 628; x_wconf 78' lang='lat' dir='ltr'>sss</span> <span class='ocrx_word' id='word_1_3' title='bbox 568 555 785 628; x_wconf 67' lang='lat' dir='ltr'>smannens.</span> <span class='ocrx_word' id='word_1_4' title='bbox 1037 572 1095 630; x_wconf 74' lang='lat' dir='ltr'>tus</span> 
     </span>
    </p>
   </div>
   <div class='ocr_carea' id='block_1_2' title="bbox 117 743 1111 4212">
    <p class='ocr_par' dir='ltr' id='par_1_2' title="bbox 117 743 1100 1546">
     <span class='ocr_line' id='line_1_2' title="bbox 117 743 1096 829; baseline -0.003 -20"><span class='ocrx_word' id='word_1_5' title='bbox 117 747 250 809; x_wconf 71' lang='lat' dir='ltr'>forment</span> <span class='ocrx_word' id='word_1_6' title='bbox 257 771 265 820; x_wconf 87' lang='lat'>;</span> <span class='ocrx_word' id='word_1_7' title='bbox 285 748 311 808; x_wconf 84' lang='lat' dir='ltr'>si</span> <span class='ocrx_word' id='word_1_8' title='bbox 327 748 502 829; x_wconf 77' lang='lat' dir='ltr'>guerpirent</span> <span class='ocrx_word' id='word_1_9' title='bbox 519 744 550 805; x_wconf 80' lang='lat' dir='ltr'>le</span> <span class='ocrx_word' id='word_1_10' title='bbox 563 743 621 806; x_wconf 76' lang='lat' dir='ltr'>cite</span> <span class='ocrx_word' id='word_1_11' title='bbox 633 755 663 804; x_wconf 82' lang='lat' dir='ltr'>et</span> <span class='ocrx_word' id='word_1_12' title='bbox 676 743 859 810; x_wconf 83' lang='lat' dir='ltr'>s&#39;enluirent.</span> <span class='ocrx_word' id='word_1_13' title='bbox 879 743 962 806; x_wconf 81' lang='lat' dir='ltr'>Ilont</span> <span class='ocrx_word' id='word_1_14' title='bbox 975 756 1059 808; x_wconf 78' lang='lat' dir='ltr'>entra</span> <span class='ocrx_word' id='word_1_15' title='bbox 1072 743 1096 806; x_wconf 83' lang='lat' dir='ltr'>ll</span> 
     </span>
     <span class='ocr_line' id='line_1_3' title="bbox 118 849 1098 934; baseline -0.002 -20"><span class='ocrx_word' id='word_1_16' title='bbox 118 873 215 934; x_wconf 89' lang='lat' dir='ltr'>quens</span> <span class='ocrx_word' id='word_1_17' title='bbox 225 852 339 916; x_wconf 82' lang='lat' dir='ltr'>dedens</span> <span class='ocrx_word' id='word_1_18' title='bbox 349 851 474 934; x_wconf 72' lang='lat' dir='ltr'>Dousy,</span> <span class='ocrx_word' id='word_1_19' title='bbox 489 865 519 912; x_wconf 91' lang='lat' dir='ltr'>et</span> <span class='ocrx_word' id='word_1_20' title='bbox 525 854 611 934; x_wconf 74' lang='lat' dir='ltr'>gerni</span> <span class='ocrx_word' id='word_1_21' title='bbox 622 863 653 912; x_wconf 91' lang='lat' dir='ltr'>et</span> <span class='ocrx_word' id='word_1_22' title='bbox 666 849 786 912; x_wconf 82' lang='lat' dir='ltr'>hourde</span> <span class='ocrx_word' id='word_1_23' title='bbox 796 849 897 912; x_wconf 87' lang='lat' dir='ltr'>moult</span> <span class='ocrx_word' id='word_1_24' title='bbox 908 851 1098 914; x_wconf 79' lang='lat' dir='ltr'>delensuble·</span> 
     </span>
     <span class='ocr_line' id='line_1_4' title="bbox 118 956 1097 1037; baseline 0.002 -19"><span class='ocrx_word' id='word_1_25' title='bbox 118 971 203 1020; x_wconf 90' lang='lat' dir='ltr'>ment</span> <span class='ocrx_word' id='word_1_26' title='bbox 214 969 312 1020; x_wconf 87' lang='lat' dir='ltr'>tontes</span> <span class='ocrx_word' id='word_1_27' title='bbox 326 957 369 1020; x_wconf 80' lang='lat' dir='ltr'>les</span> <span class='ocrx_word' id='word_1_28' title='bbox 390 957 572 1034; x_wconf 82' lang='lat' dir='ltr'>lorueehes,</span> <span class='ocrx_word' id='word_1_29' title='bbox 593 971 624 1020; x_wconf 88' lang='lat' dir='ltr'>et</span> <span class='ocrx_word' id='word_1_30' title='bbox 640 959 735 1037; x_wconf 84' lang='lat' dir='ltr'>prioit</span> <span class='ocrx_word' id='word_1_31' title='bbox 750 961 768 1018; x_wconf 72' lang='lat' dir='ltr'>l</span> <span class='ocrx_word' id='word_1_32' title='bbox 782 969 849 1018; x_wconf 85' lang='lat' dir='ltr'>tous</span> <span class='ocrx_word' id='word_1_33' title='bbox 869 956 969 1017; x_wconf 88' lang='lat' dir='ltr'>moult</span> <span class='ocrx_word' id='word_1_34' title='bbox 981 957 1097 1020; x_wconf 85' lang='lat' dir='ltr'>bonne·</span> 
     </span>
     <span class='ocr_line' id='line_1_5' title="bbox 117 1061 1097 1146; baseline 0 -20"><span class='ocrx_word' id='word_1_35' title='bbox 117 1061 914 1146; x_wconf 67' lang='lat' dir='ltr'>mentqu&#39;ilsedeffendissentvigheureusetneot.slu</span> <span class='ocrx_word' id='word_1_36' title='bbox 925 1063 1097 1144; x_wconf 76' lang='lat' dir='ltr'>tierchjous</span> 
     </span>
     <span class='ocr_line' id='line_1_6' title="bbox 118 1167 1099 1250; baseline 0 -20"><span class='ocrx_word' id='word_1_37' title='bbox 118 1172 222 1250; x_wconf 76' lang='lat' dir='ltr'>apres,</span> <span class='ocrx_word' id='word_1_38' title='bbox 236 1167 259 1230; x_wconf 87' lang='lat' dir='ltr'>li</span> <span class='ocrx_word' id='word_1_39' title='bbox 278 1189 448 1250; x_wconf 83' lang='lat' dir='ltr'>empereres</span> <span class='ocrx_word' id='word_1_40' title='bbox 465 1169 515 1230; x_wconf 81' lang='lat' dir='ltr'>fist</span> <span class='ocrx_word' id='word_1_41' title='bbox 532 1190 575 1230; x_wconf 88' lang='lat' dir='ltr'>un</span> <span class='ocrx_word' id='word_1_42' title='bbox 588 1171 648 1230; x_wconf 71' lang='lat' dir='ltr'>tres</span> <span class='ocrx_word' id='word_1_43' title='bbox 670 1182 758 1250; x_wconf 76' lang='lat' dir='ltr'>grant</span> <span class='ocrx_word' id='word_1_44' title='bbox 776 1181 894 1244; x_wconf 79' lang='lat' dir='ltr'>esseut,</span> <span class='ocrx_word' id='word_1_45' title='bbox 917 1180 947 1230; x_wconf 91' lang='lat' dir='ltr'>et</span> <span class='ocrx_word' id='word_1_46' title='bbox 963 1167 986 1230; x_wconf 90' lang='lat' dir='ltr'>li</span> <span class='ocrx_word' id='word_1_47' title='bbox 1002 1189 1099 1249; x_wconf 83' lang='lat' dir='ltr'>quens</span> 
     </span>
     <span class='ocr_line' id='line_1_7' title="bbox 119 1272 1100 1356; baseline -0.002 -20"><span class='ocrx_word' id='word_1_48' title='bbox 119 1273 291 1336; x_wconf 85' lang='lat' dir='ltr'>merveilles</span> <span class='ocrx_word' id='word_1_49' title='bbox 300 1273 373 1336; x_wconf 87' lang='lat' dir='ltr'>bien</span> <span class='ocrx_word' id='word_1_50' title='bbox 384 1295 415 1334; x_wconf 89' lang='lat' dir='ltr'>se</span> <span class='ocrx_word' id='word_1_51' title='bbox 426 1272 573 1349; x_wconf 83' lang='lat' dir='ltr'>deffendi,</span> <span class='ocrx_word' id='word_1_52' title='bbox 586 1275 610 1336; x_wconf 88' lang='lat' dir='ltr'>si</span> <span class='ocrx_word' id='word_1_53' title='bbox 626 1273 732 1356; x_wconf 75' lang='lat' dir='ltr'>qu&#39;ily</span> <span class='ocrx_word' id='word_1_54' title='bbox 749 1285 782 1334; x_wconf 89' lang='lat' dir='ltr'>ot</span> <span class='ocrx_word' id='word_1_55' title='bbox 795 1273 946 1354; x_wconf 76' lang='lat' dir='ltr'>plusieurs</span> <span class='ocrx_word' id='word_1_56' title='bbox 958 1272 1012 1334; x_wconf 88' lang='lat' dir='ltr'>des</span> <span class='ocrx_word' id='word_1_57' title='bbox 1025 1272 1100 1334; x_wconf 84' lang='lat' dir='ltr'>che·</span> 
     </span>
     <span class='ocr_line' id='line_1_8' title="bbox 118 1376 1100 1460; baseline 0 -20"><span class='ocrx_word' id='word_1_58' title='bbox 118 1378 229 1440; x_wconf 77' lang='lat' dir='ltr'>saliens</span> <span class='ocrx_word' id='word_1_59' title='bbox 251 1380 330 1440; x_wconf 83' lang='lat' dir='ltr'>occis</span> <span class='ocrx_word' id='word_1_60' title='bbox 350 1377 389 1440; x_wconf 86' lang='lat' dir='ltr'>de</span> <span class='ocrx_word' id='word_1_61' title='bbox 410 1376 441 1440; x_wconf 77' lang='lat' dir='ltr'>le</span> <span class='ocrx_word' id='word_1_62' title='bbox 460 1380 557 1460; x_wconf 75' lang='lat' dir='ltr'>partie</span> <span class='ocrx_word' id='word_1_63' title='bbox 579 1377 776 1460; x_wconf 67' lang='lat' dir='ltr'>resonemus,</span> <span class='ocrx_word' id='word_1_64' title='bbox 799 1392 829 1442; x_wconf 87' lang='lat' dir='ltr'>et</span> <span class='ocrx_word' id='word_1_65' title='bbox 847 1379 923 1440; x_wconf 83' lang='lat' dir='ltr'>ainsi</span> <span class='ocrx_word' id='word_1_66' title='bbox 943 1377 1100 1442; x_wconf 83' lang='lat' dir='ltr'>lessierent</span> 
     </span>
     <span class='ocr_line' id='line_1_9' title="bbox 119 1479 287 1546; baseline -0.006 -5"><span class='ocrx_word' id='word_1_67' title='bbox 119 1479 255 1546; x_wconf 62' lang='lat' dir='ltr'>l&#39;assaut.</span> <span class='ocrx_word' id='word_1_68' title='bbox 273 1511 287 1540; x_wconf 80' lang='lat' dir='ltr'>vv</span> 
     </span>
    </p>

    <p class='ocr_par' dir='ltr' id='par_1_3' title="bbox 117 1590 1111 4212">
     <span class='ocr_line' id='line_1_10' title="bbox 159 1590 1098 1673; baseline 0.007 -23"><span class='ocrx_word' id='word_1_69' title='bbox 159 1590 233 1650; x_wconf 80' lang='lat' dir='ltr'>Dein</span> <span class='ocrx_word' id='word_1_70' title='bbox 252 1610 305 1662; x_wconf 79' lang='lat' dir='ltr'>per</span> <span class='ocrx_word' id='word_1_71' title='bbox 319 1593 501 1654; x_wconf 67' lang='lat' dir='ltr'>Camaracum</span> <span class='ocrx_word' id='word_1_72' title='bbox 515 1594 568 1652; x_wconf 79' lang='lat' dir='ltr'>iter</span> <span class='ocrx_word' id='word_1_73' title='bbox 578 1592 702 1672; x_wconf 78' lang='lat' dir='ltr'>faciem.</span> <span class='ocrx_word' id='word_1_74' title='bbox 728 1633 760 1648; x_wconf 91' lang='grc'>...</span> <span class='ocrx_word' id='word_1_75' title='bbox 779 1619 793 1646; x_wconf 83' lang='grc' dir='ltr'>ι</span> <span class='ocrx_word' id='word_1_76' title='bbox 813 1591 908 1673; x_wconf 77' lang='lat' dir='ltr'>Apres</span> <span class='ocrx_word' id='word_1_77' title='bbox 933 1613 967 1653; x_wconf 87' lang='lat' dir='ltr'>oe</span> <span class='ocrx_word' id='word_1_78' title='bbox 990 1593 1056 1656; x_wconf 87' lang='lat' dir='ltr'>vint</span> <span class='ocrx_word' id='word_1_79' title='bbox 1076 1590 1098 1656; x_wconf 84' lang='lat' dir='ltr'>ll</span> 
     </span>
     <span class='ocr_line' id='line_1_11' title="bbox 119 1693 1101 1778; baseline 0.005 -24"><span class='ocrx_word' id='word_1_80' title='bbox 119 1711 290 1774; x_wconf 80' lang='lat' dir='ltr'>empeveres</span> <span class='ocrx_word' id='word_1_81' title='bbox 309 1693 489 1778; x_wconf 61' lang='lat' dir='ltr'>&amp;cambray</span> <span class='ocrx_word' id='word_1_82' title='bbox 503 1695 602 1758; x_wconf 87' lang='lat' dir='ltr'>moult</span> <span class='ocrx_word' id='word_1_83' title='bbox 613 1695 838 1769; x_wconf 60' lang='lat' dir='ltr'>emblemate</span> <span class='ocrx_word' id='word_1_84' title='bbox 857 1699 935 1758; x_wconf 83' lang='lat' dir='ltr'>mnis</span> <span class='ocrx_word' id='word_1_85' title='bbox 945 1696 1101 1760; x_wconf 79' lang='lat' dir='ltr'>deventsa</span> 
     </span>
     <span class='ocr_line' id='line_1_12' title="bbox 118 1797 1101 1882; baseline 0.002 -22"><span class='ocrx_word' id='word_1_86' title='bbox 118 1817 218 1860; x_wconf 79' lang='lat' dir='ltr'>venue</span> <span class='ocrx_word' id='word_1_87' title='bbox 230 1797 338 1860; x_wconf 76' lang='lat' dir='ltr'>ventui</span> <span class='ocrx_word' id='word_1_88' title='bbox 356 1797 454 1861; x_wconf 82' lang='lat' dir='ltr'>Oedes</span> <span class='ocrx_word' id='word_1_89' title='bbox 464 1811 495 1860; x_wconf 89' lang='lat' dir='ltr'>et</span> <span class='ocrx_word' id='word_1_90' title='bbox 511 1821 600 1882; x_wconf 79' lang='lat' dir='ltr'>grans</span> <span class='ocrx_word' id='word_1_91' title='bbox 610 1803 707 1880; x_wconf 75' lang='lat' dir='ltr'>partie</span> <span class='ocrx_word' id='word_1_92' title='bbox 719 1800 763 1861; x_wconf 88' lang='lat' dir='ltr'>du</span> <span class='ocrx_word' id='word_1_93' title='bbox 779 1799 902 1881; x_wconf 80' lang='lat' dir='ltr'>clergiet</span> <span class='ocrx_word' id='word_1_94' title='bbox 916 1814 946 1861; x_wconf 89' lang='lat' dir='ltr'>et</span> <span class='ocrx_word' id='word_1_95' title='bbox 956 1801 999 1864; x_wconf 90' lang='lat' dir='ltr'>du</span> <span class='ocrx_word' id='word_1_96' title='bbox 1009 1800 1101 1882; x_wconf 84' lang='lat' dir='ltr'>penle</span> 
     </span>
     <span class='ocr_line' id='line_1_13' title="bbox 118 1903 1103 1986; baseline 0.004 -22"><span class='ocrx_word' id='word_1_97' title='bbox 118 1905 174 1985; x_wconf 89' lang='lat' dir='ltr'>qui</span> <span class='ocrx_word' id='word_1_98' title='bbox 188 1923 220 1966; x_wconf 81' lang='lat' dir='ltr'>se</span> <span class='ocrx_word' id='word_1_99' title='bbox 240 1907 389 1966; x_wconf 84' lang='lat' dir='ltr'>sentoient</span> <span class='ocrx_word' id='word_1_100' title='bbox 402 1904 560 1986; x_wconf 80' lang='lat' dir='ltr'>coupable.</span> <span class='ocrx_word' id='word_1_101' title='bbox 574 1903 658 1968; x_wconf 83' lang='lat' dir='ltr'>Dent</span> <span class='ocrx_word' id='word_1_102' title='bbox 671 1904 846 1968; x_wconf 83' lang='lat' dir='ltr'>s&#39;enluivent</span> <span class='ocrx_word' id='word_1_103' title='bbox 855 1905 1007 1986; x_wconf 81' lang='lat' dir='ltr'>plusieurs</span> <span class='ocrx_word' id='word_1_104' title='bbox 1021 1907 1103 1968; x_wconf 85' lang='lat' dir='ltr'>lem-</span> 
     </span>
     <span class='ocr_line' id='line_1_14' title="bbox 118 2008 1101 2094; baseline 0.006 -26"><span class='ocrx_word' id='word_1_105' title='bbox 118 2029 188 2070; x_wconf 89' lang='lat' dir='ltr'>mes</span> <span class='ocrx_word' id='word_1_106' title='bbox 199 2029 218 2070; x_wconf 92' lang='lat' dir='ltr'>o</span> <span class='ocrx_word' id='word_1_107' title='bbox 228 2009 310 2070; x_wconf 86' lang='lat' dir='ltr'>leurs</span> <span class='ocrx_word' id='word_1_108' title='bbox 320 2009 425 2072; x_wconf 72' lang='lat' dir='ltr'>enuns</span> <span class='ocrx_word' id='word_1_109' title='bbox 438 2031 470 2072; x_wconf 85' lang='lat' dir='ltr'>es</span> <span class='ocrx_word' id='word_1_110' title='bbox 484 2009 591 2094; x_wconf 84' lang='lat' dir='ltr'>eglises</span> <span class='ocrx_word' id='word_1_111' title='bbox 605 2022 634 2072; x_wconf 84' lang='lat' dir='ltr'>et</span> <span class='ocrx_word' id='word_1_112' title='bbox 650 2032 688 2072; x_wconf 88' lang='lat' dir='ltr'>en</span> <span class='ocrx_word' id='word_1_113' title='bbox 705 2021 805 2084; x_wconf 86' lang='lat' dir='ltr'>tonrs;</span> <span class='ocrx_word' id='word_1_114' title='bbox 819 2024 850 2071; x_wconf 90' lang='lat' dir='ltr'>et</span> <span class='ocrx_word' id='word_1_115' title='bbox 859 2008 904 2074; x_wconf 88' lang='lat' dir='ltr'>les</span> <span class='ocrx_word' id='word_1_116' title='bbox 918 2010 1051 2091; x_wconf 85' lang='lat' dir='ltr'>pucelles</span> <span class='ocrx_word' id='word_1_117' title='bbox 1068 2032 1101 2074; x_wconf 86' lang='lat' dir='ltr'>se</span> 
     </span>
     <span class='ocr_line' id='line_1_15' title="bbox 118 2115 1103 2198; baseline 0 -20"><span class='ocrx_word' id='word_1_118' title='bbox 118 2117 321 2198; x_wconf 84' lang='lat' dir='ltr'>repouvoient</span> <span class='ocrx_word' id='word_1_119' title='bbox 331 2116 434 2197; x_wconf 75' lang='lat' dir='ltr'>quand</span> <span class='ocrx_word' id='word_1_120' title='bbox 451 2115 509 2178; x_wconf 89' lang='lat' dir='ltr'>elle</span> <span class='ocrx_word' id='word_1_121' title='bbox 521 2118 621 2179; x_wconf 84' lang='lat' dir='ltr'>virent</span> <span class='ocrx_word' id='word_1_122' title='bbox 636 2129 702 2180; x_wconf 80' lang='lat' dir='ltr'>tant</span> <span class='ocrx_word' id='word_1_123' title='bbox 714 2117 753 2179; x_wconf 86' lang='lat' dir='ltr'>de</span> <span class='ocrx_word' id='word_1_124' title='bbox 767 2116 934 2180; x_wconf 82' lang='lat' dir='ltr'><strong>chevaliers</strong></span> <span class='ocrx_word' id='word_1_125' title='bbox 948 2117 1084 2180; x_wconf 85' lang='lat' dir='ltr'>alemans</span> <span class='ocrx_word' id='word_1_126' title='bbox 1090 2137 1103 2192; x_wconf 83' lang='lat'><em>;</em></span> 
     </span>
     <span class='ocr_line' id='line_1_16' title="bbox 118 2220 1103 2309; baseline -0.002 -23"><span class='ocrx_word' id='word_1_127' title='bbox 118 2221 291 2297; x_wconf 78' lang='lat' dir='ltr'>eschvnm,</span> <span class='ocrx_word' id='word_1_128' title='bbox 309 2220 500 2309; x_wconf 64' lang='lat' dir='ltr'>lotheryens,</span> <span class='ocrx_word' id='word_1_129' title='bbox 517 2225 638 2286; x_wconf 63' lang='lat' dir='ltr'>auum.</span> <span class='ocrx_word' id='word_1_130' title='bbox 652 2223 761 2302; x_wconf 76' lang='lat' dir='ltr'>¹llslont</span> <span class='ocrx_word' id='word_1_131' title='bbox 775 2223 960 2305; x_wconf 84' lang='lat' dir='ltr'>rechupvent</span> <span class='ocrx_word' id='word_1_132' title='bbox 976 2223 1103 2304; x_wconf 83' lang='lat' dir='ltr'>l&#39;empe·</span> 
     </span>
     <span class='ocr_line' id='line_1_17' title="bbox 117 2327 1104 2413; baseline 0 -23"><span class='ocrx_word' id='word_1_133' title='bbox 117 2333 226 2392; x_wconf 68' lang='lat' dir='ltr'>reuse</span> <span class='ocrx_word' id='word_1_134' title='bbox 246 2329 346 2390; x_wconf 87' lang='lat' dir='ltr'>moult</span> <span class='ocrx_word' id='word_1_135' title='bbox 358 2329 454 2410; x_wconf 74' lang='lat' dir='ltr'>grand</span> <span class='ocrx_word' id='word_1_136' title='bbox 471 2328 613 2391; x_wconf 83' lang='lat' dir='ltr'>honneur</span> <span class='ocrx_word' id='word_1_137' title='bbox 629 2329 652 2392; x_wconf 85' lang='lat' dir='ltr'>li</span> <span class='ocrx_word' id='word_1_138' title='bbox 668 2331 765 2411; x_wconf 73' lang='lat' dir='ltr'>partie</span> <span class='ocrx_word' id='word_1_139' title='bbox 778 2329 822 2392; x_wconf 86' lang='lat' dir='ltr'>du</span> <span class='ocrx_word' id='word_1_140' title='bbox 840 2327 963 2413; x_wconf 77' lang='lat' dir='ltr'>clergiet</span> <span class='ocrx_word' id='word_1_141' title='bbox 982 2331 1036 2411; x_wconf 83' lang='lat' dir='ltr'>qul</span> <span class='ocrx_word' id='word_1_142' title='bbox 1050 2347 1104 2410; x_wconf 75' lang='lat' dir='ltr'>pus</span> 
     </span>
     <span class='ocr_line' id='line_1_18' title="bbox 117 2433 1105 2517; baseline -0.002 -19"><span class='ocrx_word' id='word_1_143' title='bbox 117 2439 242 2498; x_wconf 84' lang='lat' dir='ltr'>n’estoit</span> <span class='ocrx_word' id='word_1_144' title='bbox 265 2437 413 2498; x_wconf 83' lang='lat' dir='ltr'>contraire</span> <span class='ocrx_word' id='word_1_145' title='bbox 438 2433 633 2517; x_wconf 73' lang='lat' dir='ltr'>ll&#39;evesque</span> <span class='ocrx_word' id='word_1_146' title='bbox 654 2433 825 2511; x_wconf 82' lang='lat' dir='ltr'>Geuohier,</span> <span class='ocrx_word' id='word_1_147' title='bbox 852 2447 883 2496; x_wconf 87' lang='lat' dir='ltr'>et</span> <span class='ocrx_word' id='word_1_148' title='bbox 904 2435 928 2496; x_wconf 85' lang='lat' dir='ltr'>li</span> <span class='ocrx_word' id='word_1_149' title='bbox 959 2455 1105 2516; x_wconf 76' lang='lat' dir='ltr'>evesques</span> 
     </span>
     <span class='ocr_line' id='line_1_19' title="bbox 118 2539 1105 2622; baseline -0.001 -18"><span class='ocrx_word' id='word_1_150' title='bbox 118 2545 264 2604; x_wconf 85' lang='lat' dir='ltr'>meismes</span> <span class='ocrx_word' id='word_1_151' title='bbox 279 2543 368 2604; x_wconf 86' lang='lat' dir='ltr'>estoit</span> <span class='ocrx_word' id='word_1_152' title='bbox 381 2563 401 2603; x_wconf 96' lang='lat' dir='ltr'>o</span> <span class='ocrx_word' id='word_1_153' title='bbox 412 2541 611 2622; x_wconf 83' lang='lat' dir='ltr'>l’empereuv,</span> <span class='ocrx_word' id='word_1_154' title='bbox 627 2553 658 2602; x_wconf 87' lang='lat' dir='ltr'>et</span> <span class='ocrx_word' id='word_1_155' title='bbox 672 2543 755 2604; x_wconf 85' lang='lat' dir='ltr'>avoit</span> <span class='ocrx_word' id='word_1_156' title='bbox 771 2539 872 2602; x_wconf 83' lang='lat' dir='ltr'>mo&#39;ult</span> <span class='ocrx_word' id='word_1_157' title='bbox 888 2539 1019 2603; x_wconf 80' lang='lat' dir='ltr'>s&#39;smouv</span> <span class='ocrx_word' id='word_1_158' title='bbox 1029 2553 1060 2602; x_wconf 88' lang='lat' dir='ltr'>et</span> <span class='ocrx_word' id='word_1_159' title='bbox 1071 2563 1105 2604; x_wconf 80' lang='lat' dir='ltr'>sn</span> 
     </span>
     <span class='ocr_line' id='line_1_20' title="bbox 120 2647 1105 2732; baseline -0.002 -22"><span class='ocrx_word' id='word_1_160' title='bbox 120 2669 210 2732; x_wconf 79' lang='lat' dir='ltr'>grece</span> <span class='ocrx_word' id='word_1_161' title='bbox 230 2659 260 2708; x_wconf 89' lang='lat' dir='ltr'>et</span> <span class='ocrx_word' id='word_1_162' title='bbox 272 2647 312 2708; x_wconf 87' lang='lat' dir='ltr'>de</span> <span class='ocrx_word' id='word_1_163' title='bbox 324 2660 424 2723; x_wconf 81' lang='lat' dir='ltr'>‚toute</span> <span class='ocrx_word' id='word_1_164' title='bbox 437 2667 469 2708; x_wconf 84' lang='lat' dir='ltr'>sn</span> <span class='ocrx_word' id='word_1_165' title='bbox 490 2657 561 2729; x_wconf 79' lang='lat' dir='ltr'>gent</span> <span class='ocrx_word' id='word_1_166' title='bbox 577 2649 674 2724; x_wconf 80' lang='lat' dir='ltr'>aussi,</span> <span class='ocrx_word' id='word_1_167' title='bbox 691 2657 722 2708; x_wconf 91' lang='lat' dir='ltr'>et</span> <span class='ocrx_word' id='word_1_168' title='bbox 740 2648 828 2708; x_wconf 80' lang='lat' dir='ltr'>estoit</span> <span class='ocrx_word' id='word_1_169' title='bbox 843 2648 998 2728; x_wconf 85' lang='lat' dir='ltr'>compsins</span> <span class='ocrx_word' id='word_1_170' title='bbox 1017 2647 1056 2708; x_wconf 81' lang='lat' dir='ltr'>tle</span> <span class='ocrx_word' id='word_1_171' title='bbox 1072 2667 1105 2708; x_wconf 85' lang='lat' dir='ltr'>ss</span> 
     </span>
     <span class='ocr_line' id='line_1_21' title="bbox 120 2749 1105 2836; baseline -0.006 -18"><span class='ocrx_word' id='word_1_172' title='bbox 120 2754 214 2818; x_wconf 77' lang='lat' dir='ltr'>table.</span> <span class='ocrx_word' id='word_1_173' title='bbox 235 2752 337 2814; x_wconf 76' lang='lat' dir='ltr'>Adont</span> <span class='ocrx_word' id='word_1_174' title='bbox 350 2754 400 2814; x_wconf 82' lang='lat' dir='ltr'>fist</span> <span class='ocrx_word' id='word_1_175' title='bbox 416 2751 598 2833; x_wconf 82' lang='lat' dir='ltr'>l&#39;evnpereur</span> <span class='ocrx_word' id='word_1_176' title='bbox 612 2773 697 2836; x_wconf 74' lang='lat' dir='ltr'>eryer</span> <span class='ocrx_word' id='word_1_177' title='bbox 718 2749 788 2835; x_wconf 86' lang='lat' dir='ltr'>que&#39;</span> <span class='ocrx_word' id='word_1_178' title='bbox 802 2761 870 2814; x_wconf 89' lang='lat' dir='ltr'>tout</span> <span class='ocrx_word' id='word_1_179' title='bbox 888 2751 912 2813; x_wconf 89' lang='lat' dir='ltr'>li</span> <span class='ocrx_word' id='word_1_180' title='bbox 930 2753 1022 2813; x_wconf 80' lang='lat' dir='ltr'>esseit</span> <span class='ocrx_word' id='word_1_181' title='bbox 1035 2763 1066 2813; x_wconf 88' lang='lat' dir='ltr'>et</span> <span class='ocrx_word' id='word_1_182' title='bbox 1080 2750 1105 2812; x_wconf 85' lang='lat' dir='ltr'>li</span> 
     </span>
     <span class='ocr_line' id='line_1_22' title="bbox 119 2853 1107 2942; baseline -0.008 -18"><span class='ocrx_word' id='word_1_183' title='bbox 119 2861 267 2942; x_wconf 76' lang='lat' dir='ltr'>bourgois</span> <span class='ocrx_word' id='word_1_184' title='bbox 282 2861 434 2923; x_wconf 88' lang='lat' dir='ltr'>venissent</span> <span class='ocrx_word' id='word_1_185' title='bbox 455 2878 494 2919; x_wconf 85' lang='lat' dir='ltr'>en</span> <span class='ocrx_word' id='word_1_186' title='bbox 512 2877 544 2918; x_wconf 84' lang='lat' dir='ltr'>se</span> <span class='ocrx_word' id='word_1_187' title='bbox 560 2879 724 2940; x_wconf 79' lang='lat' dir='ltr'>presence:</span> <span class='ocrx_word' id='word_1_188' title='bbox 744 2869 775 2920; x_wconf 90' lang='lat' dir='ltr'>et</span> <span class='ocrx_word' id='word_1_189' title='bbox 793 2856 849 2940; x_wconf 71' lang='lat' dir='ltr'>ily</span> <span class='ocrx_word' id='word_1_190' title='bbox 866 2857 986 2918; x_wconf 87' lang='lat' dir='ltr'>vinrent</span> <span class='ocrx_word' id='word_1_191' title='bbox 1006 2853 1107 2918; x_wconf 86' lang='lat' dir='ltr'>moult</span> 
     </span>
     <span class='ocr_line' id='line_1_23' title="bbox 120 2961 1104 3046; baseline -0.005 -18"><span class='ocrx_word' id='word_1_192' title='bbox 120 2966 226 3039; x_wconf 75' lang='lat' dir='ltr'>e&#39;mus3</span> <span class='ocrx_word' id='word_1_193' title='bbox 240 2987 290 3028; x_wconf 80' lang='lat' dir='ltr'>cnr</span> <span class='ocrx_word' id='word_1_194' title='bbox 300 2965 323 3026; x_wconf 88' lang='lat' dir='ltr'>il</span> <span class='ocrx_word' id='word_1_195' title='bbox 334 2987 365 3026; x_wconf 91' lang='lat' dir='ltr'>se</span> <span class='ocrx_word' id='word_1_196' title='bbox 374 2967 540 3026; x_wconf 82' lang='lat' dir='ltr'>cremoient</span> <span class='ocrx_word' id='word_1_197' title='bbox 548 2963 588 3026; x_wconf 85' lang='lat' dir='ltr'>de</span> <span class='ocrx_word' id='word_1_198' title='bbox 595 2963 706 3046; x_wconf 86' lang='lat' dir='ltr'>perdre</span> <span class='ocrx_word' id='word_1_199' title='bbox 716 2963 803 3027; x_wconf 82' lang='lat' dir='ltr'>luvie</span> <span class='ocrx_word' id='word_1_200' title='bbox 812 2985 855 3024; x_wconf 92' lang='lat' dir='ltr'>on</span> <span class='ocrx_word' id='word_1_201' title='bbox 864 2962 933 3024; x_wconf 85' lang='lat' dir='ltr'>leur</span> <span class='ocrx_word' id='word_1_202' title='bbox 940 2961 1104 3038; x_wconf 81' lang='lat' dir='ltr'>membres,</span> 
     </span>
     <span class='ocr_line' id='line_1_24' title="bbox 121 3066 1107 3154; baseline -0.005 -20"><span class='ocrx_word' id='word_1_203' title='bbox 121 3085 152 3134; x_wconf 89' lang='lat' dir='ltr'>et</span> <span class='ocrx_word' id='word_1_204' title='bbox 171 3069 346 3154; x_wconf 86' lang='lat' dir='ltr'>nequedent</span> <span class='ocrx_word' id='word_1_205' title='bbox 362 3066 531 3129; x_wconf 84' lang='lat' dir='ltr'>contredire</span> <span class='ocrx_word' id='word_1_206' title='bbox 548 3089 587 3128; x_wconf 92' lang='lat' dir='ltr'>ne</span> <span class='ocrx_word' id='word_1_207' title='bbox 604 3067 753 3131; x_wconf 83' lang='lat' dir='ltr'>l&#39;osoient</span> <span class='ocrx_word' id='word_1_208' title='bbox 773 3067 848 3130; x_wconf 83' lang='lat' dir='ltr'>Lors</span> <span class='ocrx_word' id='word_1_209' title='bbox 860 3067 982 3150; x_wconf 69' lang='lat' dir='ltr'>paululi</span> <span class='ocrx_word' id='word_1_210' title='bbox 996 3088 1107 3150; x_wconf 87' lang='lat' dir='ltr'>empe-</span> 
     </span>
     <span class='ocr_line' id='line_1_25' title="bbox 121 3171 1108 3255; baseline -0.006 -15"><span class='ocrx_word' id='word_1_211' title='bbox 121 3199 206 3242; x_wconf 80' lang='lat' dir='ltr'>reres</span> <span class='ocrx_word' id='word_1_212' title='bbox 218 3175 318 3238; x_wconf 89' lang='lat' dir='ltr'>moult</span> <span class='ocrx_word' id='word_1_213' title='bbox 327 3174 490 3237; x_wconf 78' lang='lat' dir='ltr'>derement</span> <span class='ocrx_word' id='word_1_214' title='bbox 499 3178 517 3234; x_wconf 73' lang='grc' dir='ltr'>ὲ</span> <span class='ocrx_word' id='word_1_215' title='bbox 527 3171 636 3255; x_wconf 80' lang='lat' dir='ltr'>yaulx&#39;,</span> <span class='ocrx_word' id='word_1_216' title='bbox 649 3187 680 3233; x_wconf 88' lang='lat' dir='ltr'>et</span> <span class='ocrx_word' id='word_1_217' title='bbox 689 3173 824 3234; x_wconf 78' lang='lat' dir='ltr'>forment</span> <span class='ocrx_word' id='word_1_218' title='bbox 833 3173 877 3234; x_wconf 87' lang='lat' dir='ltr'>les</span> <span class='ocrx_word' id='word_1_219' title='bbox 887 3172 1060 3255; x_wconf 78' lang='lat' dir='ltr'>hlsstengs,</span> <span class='ocrx_word' id='word_1_220' title='bbox 1077 3187 1108 3234; x_wconf 89' lang='lat' dir='ltr'>et</span> 
     </span>
     <span class='ocr_line' id='line_1_26' title="bbox 121 3276 1108 3360; baseline -0.008 -13"><span class='ocrx_word' id='word_1_221' title='bbox 121 3285 185 3348; x_wconf 83' lang='lat' dir='ltr'>dist</span> <span class='ocrx_word' id='word_1_222' title='bbox 201 3294 356 3344; x_wconf 82' lang='lat' dir='ltr'>comment</span> <span class='ocrx_word' id='word_1_223' title='bbox 370 3279 409 3342; x_wconf 89' lang='lat' dir='ltr'>ils</span> <span class='ocrx_word' id='word_1_224' title='bbox 428 3280 556 3342; x_wconf 87' lang='lat' dir='ltr'>estoient</span> <span class='ocrx_word' id='word_1_225' title='bbox 570 3281 595 3342; x_wconf 86' lang='lat' dir='ltr'>si</span> <span class='ocrx_word' id='word_1_226' title='bbox 614 3289 679 3340; x_wconf 89' lang='lat' dir='ltr'>oset</span> <span class='ocrx_word' id='word_1_227' title='bbox 697 3277 775 3360; x_wconf 87' lang='lat' dir='ltr'>qu&#39;il</span> <span class='ocrx_word' id='word_1_228' title='bbox 788 3279 910 3340; x_wconf 83' lang='lat' dir='ltr'>svoient</span> <span class='ocrx_word' id='word_1_229' title='bbox 922 3276 978 3338; x_wconf 81' lang='lat' dir='ltr'>seit</span> <span class='ocrx_word' id='word_1_230' title='bbox 990 3287 1054 3338; x_wconf 80' lang='lat' dir='ltr'>tent</span> <span class='ocrx_word' id='word_1_231' title='bbox 1068 3276 1108 3339; x_wconf 87' lang='lat' dir='ltr'>de</span> 
     </span>
     <span class='ocr_line' id='line_1_27' title="bbox 121 3383 1109 3465; baseline -0.008 -13"><span class='ocrx_word' id='word_1_232' title='bbox 121 3411 207 3454; x_wconf 81' lang='lat' dir='ltr'>enses</span> <span class='ocrx_word' id='word_1_233' title='bbox 223 3401 327 3450; x_wconf 84' lang='lat' dir='ltr'>contre</span> <span class='ocrx_word' id='word_1_234' title='bbox 343 3385 387 3448; x_wconf 83' lang='lat' dir='ltr'>les</span> <span class='ocrx_word' id='word_1_235' title='bbox 401 3385 484 3448; x_wconf 82' lang='lat' dir='ltr'>drois</span> <span class='ocrx_word' id='word_1_236' title='bbox 501 3384 540 3446; x_wconf 89' lang='lat' dir='ltr'>de</span> <span class='ocrx_word' id='word_1_237' title='bbox 556 3383 712 3465; x_wconf 76' lang='lat' dir='ltr'>l&#39;empire‚</span> <span class='ocrx_word' id='word_1_238' title='bbox 727 3383 1109 3462; x_wconf 79' lang='lat' dir='ltr'>conjuratione,·eommu-</span> 
     </span>
     <span class='ocr_line' id='line_1_28' title="bbox 121 3487 1110 3580; baseline -0.01 -22"><span class='ocrx_word' id='word_1_239' title='bbox 121 3517 209 3580; x_wconf 80' lang='lat' dir='ltr'>goes,</span> <span class='ocrx_word' id='word_1_240' title='bbox 217 3491 375 3557; x_wconf 86' lang='lat' dir='ltr'>nouvelles</span> <span class='ocrx_word' id='word_1_241' title='bbox 386 3492 462 3576; x_wconf 70' lang='lat' dir='ltr'>loys,</span> <span class='ocrx_word' id='word_1_242' title='bbox 471 3502 512 3567; x_wconf 88' lang='lat' dir='ltr'>et,</span> <span class='ocrx_word' id='word_1_243' title='bbox 529 3512 590 3572; x_wconf 91' lang='lat' dir='ltr'>que</span> <span class='ocrx_word' id='word_1_244' title='bbox 604 3489 675 3572; x_wconf 84' lang='lat' dir='ltr'>plns</span> <span class='ocrx_word' id='word_1_245' title='bbox 687 3501 743 3566; x_wconf 87' lang='lat' dir='ltr'>est,</span> <span class='ocrx_word' id='word_1_246' title='bbox 756 3487 833 3571; x_wconf 87' lang='lat' dir='ltr'>qu’il</span> <span class='ocrx_word' id='word_1_247' title='bbox 846 3490 967 3550; x_wconf 77' lang='lat' dir='ltr'>evolent</span> <span class='ocrx_word' id='word_1_248' title='bbox 980 3487 1110 3570; x_wconf 85' lang='lat' dir='ltr'>rechupt</span> 
     </span>
     <span class='ocr_line' id='line_1_29' title="bbox 123 3593 1110 3681; baseline -0.01 -17"><span class='ocrx_word' id='word_1_249' title='bbox 123 3599 240 3666; x_wconf 90' lang='lat' dir='ltr'>nouvel</span> <span class='ocrx_word' id='word_1_250' title='bbox 260 3621 390 3681; x_wconf 78' lang='lat' dir='ltr'>evesque</span> <span class='ocrx_word' id='word_1_251' title='bbox 411 3597 525 3660; x_wconf 89' lang='lat' dir='ltr'>dedens</span> <span class='ocrx_word' id='word_1_252' title='bbox 545 3595 576 3657; x_wconf 88' lang='lat' dir='ltr'>la</span> <span class='ocrx_word' id='word_1_253' title='bbox 597 3595 654 3658; x_wconf 72' lang='lat' dir='ltr'>cite</span> <span class='ocrx_word' id='word_1_254' title='bbox 675 3605 778 3658; x_wconf 80' lang='lat' dir='ltr'>contre</span> <span class='ocrx_word' id='word_1_255' title='bbox 801 3593 881 3657; x_wconf 87' lang='lat' dir='ltr'>Dieu</span> <span class='ocrx_word' id='word_1_256' title='bbox 901 3608 931 3657; x_wconf 88' lang='lat' dir='ltr'>et</span> <span class='ocrx_word' id='word_1_257' title='bbox 952 3607 1055 3656; x_wconf 81' lang='lat' dir='ltr'>contre</span> <span class='ocrx_word' id='word_1_258' title='bbox 1079 3593 1110 3654; x_wconf 83' lang='lat' dir='ltr'>la</span> 
     </span>
     <span class='ocr_line' id='line_1_30' title="bbox 123 3692 1110 3787; baseline -0.01 -18"><span class='ocrx_word' id='word_1_259' title='bbox 123 3707 276 3787; x_wconf 75' lang='lat' dir='ltr'>seignorie</span> <span class='ocrx_word' id='word_1_260' title='bbox 299 3701 338 3766; x_wconf 86' lang='lat' dir='ltr'>de</span> <span class='ocrx_word' id='word_1_261' title='bbox 358 3701 504 3783; x_wconf 85' lang='lat' dir='ltr'>l&#39;empire.</span> <span class='ocrx_word' id='word_1_262' title='bbox 532 3698 643 3778; x_wconf 83' lang='lat' dir='ltr'>Quend</span> <span class='ocrx_word' id='word_1_263' title='bbox 666 3699 690 3762; x_wconf 90' lang='lat' dir='ltr'>il</span> <span class='ocrx_word' id='word_1_264' title='bbox 713 3692 812 3760; x_wconf 78' lang='lat' dir='ltr'>oirent</span> <span class='ocrx_word' id='word_1_265' title='bbox 831 3697 1013 3780; x_wconf 82' lang='lat' dir='ltr'>l&#39;empereur</span> <span class='ocrx_word' id='word_1_266' title='bbox 1032 3700 1110 3759; x_wconf 79' lang='lat' dir='ltr'>ainsi</span> 
     </span>
     <span class='ocr_line' id='line_1_31' title="bbox 123 3803 1111 3896; baseline -0.009 -23"><span class='ocrx_word' id='word_1_267' title='bbox 123 3811 245 3896; x_wconf 86' lang='lat' dir='ltr'>parler,</span> <span class='ocrx_word' id='word_1_268' title='bbox 262 3812 287 3872; x_wconf 82' lang='lat' dir='ltr'>sl</span> <span class='ocrx_word' id='word_1_269' title='bbox 301 3810 403 3872; x_wconf 85' lang='lat' dir='ltr'>luvent</span> <span class='ocrx_word' id='word_1_270' title='bbox 416 3823 485 3889; x_wconf 85' lang='lat' dir='ltr'>trop</span> <span class='ocrx_word' id='word_1_271' title='bbox 496 3805 654 3889; x_wconf 74' lang='lat' dir='ltr'>espoentl,</span> <span class='ocrx_word' id='word_1_272' title='bbox 667 3819 697 3867; x_wconf 88' lang='lat' dir='ltr'>et</span> <span class='ocrx_word' id='word_1_273' title='bbox 707 3826 745 3866; x_wconf 88' lang='lat' dir='ltr'>ne</span> <span class='ocrx_word' id='word_1_274' title='bbox 757 3806 910 3883; x_wconf 71' lang='lat' dir='ltr'>senvoient</span> <span class='ocrx_word' id='word_1_275' title='bbox 920 3803 994 3886; x_wconf 84' lang='lat' dir='ltr'>qu’il</span> <span class='ocrx_word' id='word_1_276' title='bbox 1003 3807 1111 3885; x_wconf 87' lang='lat' dir='ltr'>peuis-</span> 
     </span>
     <span class='ocr_line' id='line_1_32' title="bbox 124 3907 1109 4000; baseline -0.013 -19"><span class='ocrx_word' id='word_1_277' title='bbox 124 3931 195 3981; x_wconf 88' lang='lat' dir='ltr'>sent</span> <span class='ocrx_word' id='word_1_278' title='bbox 205 3915 378 4000; x_wconf 87' lang='lat' dir='ltr'>respondre.</span> <span class='ocrx_word' id='word_1_279' title='bbox 392 3913 518 3998; x_wconf 55' lang='lat' dir='ltr'>Etjpour</span> <span class='ocrx_word' id='word_1_280' title='bbox 532 3935 566 3975; x_wconf 89' lang='lat' dir='ltr'>ce</span> <span class='ocrx_word' id='word_1_281' title='bbox 581 3910 692 3996; x_wconf 87' lang='lat' dir='ltr'>qu&#39;ilse</span> <span class='ocrx_word' id='word_1_282' title='bbox 705 3911 853 3973; x_wconf 82' lang='lat' dir='ltr'>sentoient</span> <span class='ocrx_word' id='word_1_283' title='bbox 863 3907 1027 3991; x_wconf 83' lang='lat' dir='ltr'>coupable,</span> <span class='ocrx_word' id='word_1_284' title='bbox 1041 3907 1065 3969; x_wconf 87' lang='lat' dir='ltr'>il</span> <span class='ocrx_word' id='word_1_285' title='bbox 1078 3930 1109 3969; x_wconf 86' lang='lat' dir='ltr'>se</span> 
     </span>
     <span class='ocr_line' id='line_1_33' title="bbox 123 4012 1106 4100; baseline -0.011 -15"><span class='ocrx_word' id='word_1_286' title='bbox 123 4021 328 4086; x_wconf 83' lang='lat' dir='ltr'>humilierent</span> <span class='ocrx_word' id='word_1_287' title='bbox 341 4022 520 4095; x_wconf 85' lang='lat' dir='ltr'>durement,</span> <span class='ocrx_word' id='word_1_288' title='bbox 540 4031 570 4080; x_wconf 90' lang='lat' dir='ltr'>et</span> <span class='ocrx_word' id='word_1_289' title='bbox 590 4020 724 4100; x_wconf 89' lang='lat' dir='ltr'>prierent</span> <span class='ocrx_word' id='word_1_290' title='bbox 742 4022 761 4079; x_wconf 73' lang='grc' dir='ltr'><strong>ὲ</strong></span> <span class='ocrx_word' id='word_1_291' title='bbox 780 4015 963 4098; x_wconf 83' lang='lat' dir='ltr'>l’empereur</span> <span class='ocrx_word' id='word_1_292' title='bbox 979 4012 1106 4076; x_wconf 82' lang='lat' dir='ltr'>merchi.</span> 
     </span>
     <span class='ocr_line' id='line_1_34' title="bbox 124 4119 1111 4212; baseline -0.004 -22"><span class='ocrx_word' id='word_1_293' title='bbox 124 4129 212 4190; x_wconf 87' lang='lat' dir='ltr'>Dont</span> <span class='ocrx_word' id='word_1_294' title='bbox 222 4130 298 4210; x_wconf 83' lang='lat' dir='ltr'>prist</span> <span class='ocrx_word' id='word_1_295' title='bbox 313 4125 436 4191; x_wconf 84' lang='lat' dir='ltr'>libolns</span> <span class='ocrx_word' id='word_1_296' title='bbox 450 4145 597 4212; x_wconf 80' lang='lat' dir='ltr'>evesques</span> <span class='ocrx_word' id='word_1_297' title='bbox 605 4123 773 4188; x_wconf 79' lang='lat' dir='ltr'>Gauchiers</span> <span class='ocrx_word' id='word_1_298' title='bbox 786 4120 885 4188; x_wconf 85' lang='lat' dir='ltr'>moult</span> <span class='ocrx_word' id='word_1_299' title='bbox 895 4119 1111 4202; x_wconf 78' lang='lat' dir='ltr'>benignement</span> 
     </span>
    </p>
   </div>
   <div class='ocr_carea' id='block_1_3' title="bbox 0 0 1498 4966">
    <p class='ocr_par' dir='ltr' id='par_1_4' title="bbox 0 0 1498 4966">
     <span class='ocr_line' id='line_1_35' title="bbox 0 0 1498 4966; baseline 0 0"><span class='ocrx_word' id='word_1_300' title='bbox 0 0 1498 4966; x_wconf 95' lang='lat' dir='ltr'> </span> 
     </span>
    </p>
   </div>
  </div>
 </body>
</html>
