3088 4968
560 567 653 611 crana
670 563 798 612 ramus.
1112 557 1150 613 49

169 761 244 808 non
265 736 398 833 paucis
414 734 656 833 coepiscopis,
672 757 820 840 unaque
834 735 945 804 etiam
962 727 1002 804 B.
1032 735 1150 806 Lant-

167 859 272 932 berto
309 854 543 930 Leodecense
578 869 740 952 martyre
777 857 1061 954 pretiosissimo,
1100 855 1150 928 ad

165 980 321 1053 laudem
326 982 398 1054 Dei
410 993 448 1052 et
460 981 734 1052 venerationem
747 981 784 1050 S.
799 980 896 1048 Petri
908 982 1146 1072 consecravit,

168 1102 304 1201 ibique
322 1102 469 1175 clericos
483 1115 521 1173 et
533 1099 826 1172 sanctimoniales
838 1101 1041 1172 constituit.
1060 1103 1151 1174 Pos-

171 1238 231 1295 tea
247 1247 338 1296 vero
355 1225 413 1298 vir
424 1223 578 1296 Domini
592 1223 633 1292 in
648 1221 735 1294 villa
750 1224 928 1320 squavia,
944 1247 1011 1294 suo
1026 1221 1154 1296 videli·
1235 1281 1237 1284 -

170 1360 229 1420 oet
241 1345 411 1444 praedio,
430 1348 469 1416 in
491 1346 652 1416 oratorio
670 1342 825 1442 quidem
846 1345 882 1414 S.
902 1345 1054 1418 Martini
1080 1346 1152 1418 ali-

172 1465 346 1566 quandiu
360 1480 591 1540 conversatus
601 1519 611 1558 ‚
621 1468 735 1540 sacris
742 1490 898 1565 operum
913 1465 1059 1540 indiciis
1074 1493 1153 1542 non

171 1613 308 1688 parum
327 1588 531 1680 claruerat,
564 1587 866 1688 creberrimisque
892 1588 1154 1662 collocutioni-

109 1734 115 1753 ·
172 1707 597 1803 bus,exhortationihus,
607 1708 813 1810 apostolicis
827 1707 1154 1808 praedicationibus

174 1832 312 1904 multos
332 1830 430 1903 inibi
446 1829 495 1904 ad
511 1857 680 1906 normam
696 1834 781 1907 vitae
803 1831 959 1908 salubris
978 1857 1156 1934 exequen-

177 1951 262 2028 dam
276 1955 509 2029 excitaverat.

459 2171 617 2358 iliop.
667 2223 868 2302 xxvn.

178 2507 308 2548 ”mimo
329 2509 349 2548 Α
365 2505 562 2550 611011381Το
585 2505 701 2547 ΑΠἈΊΈ
720 2503 818 2546 tucn
829 2501 1017 2546 tormento
1035 2503 1156 2548 malco

217 2586 301 2628 1⁴11!ss
312 2587 367 2626 WB
381 2585 555 2627 rmum
569 2585 609 2626 ttr
621 2585 739 2626 ΙῊΟΙΙ
754 2585 780 2626 Β.
794 2583 960 2628 vinulenta
974 2585 1114 2628 viscora

179 2775 375 2894 varam
401 2841 490 2892 vero
516 2800 724 2892 chartulam
752 2820 795 2890 in
822 2815 975 2891 archivo
995 2815 1154 2890 ecclesiae

179 2939 217 3008 S.
235 2939 437 3014 Huntberti
451 2944 673 3041 reperimus,
689 2965 803 3040 quam
822 2939 891 3014 sub
910 2942 1105 3040 praesentia
1119 2954 1157 3015 et

179 3058 303 3134 favore
324 3061 439 3162 hujus
453 3067 580 3136 sancti
593 3062 799 3163 pontificis,
819 3067 898 3162 ipse
920 3065 1155 3152 ursmarus,

182 3194 271 3256 tunc
288 3188 469 3285 temporit
488 3185 611 3260 Abbas
633 3185 680 3258 de
699 3185 787 3260 villa
808 3185 992 3274 Macariis,
1014 3189 1158 3285 scripsit

184 3305 238 3376 iu
264 3331 300 3378 se
324 3307 544 3384 habentem:
568 3311 679 3380 Anno
701 3311 897 3379 duodecimo
916 3316 1015 3404 reqns'
1041 3311 1159 3380 domm

182 3437 294 3502 noros
307 3431 501 3508 Chilon-ici
512 3432 659 3530 qlon'oss'
670 3437 777 3529 reyes,
792 3430 921 3500 decimo
938 3435 1056 3525 quinto
1088 3433 1157 3502 ka-

178 3551 300 3626 lendas
320 3557 460 3648 opn'lis.
483 3555 558 3652 qu
591 3560 630 3625 in
666 3555 738 3625 Dei
778 3559 914 3626 nomine
942 3555 1157 3628 Humerum

177 3684 245 3746 orsi
264 3680 433 3783 indrynas
445 3689 621 3774 prosator,
640 3684 793 3775 cogitans
809 3680 850 3748 de
873 3680 944 3749 Dei
959 3681 1078 3752 timore
1103 3682 1159 3755 vel
1181 3745 1185 3756 .

178 3807 301 3870 numi
315 3801 398 3874 bora
411 3803 648 3886 nimbosam,
663 3826 725 3871 seu
739 3801 921 3872 chlamis
934 3809 1020 3873 mois
1028 3828 1157 3897 pocca-

176 3926 246 4009 tt's;
262 3929 347 4018 quio
360 3926 448 3998 dicit
459 3932 652 4020 empturo:
673 3924 796 3996 Facite
816 3923 920 3996 vobis
944 3925 1080 3994 amicos
1110 3921 1156 3994 de

178 4066 395 4147 mammona
435 4047 656 4145 iniqui-tatis,
676 4048 742 4144 qui
778 4069 842 4119 vos
879 4043 1084 4145 perducant
1116 4048 1156 4114 in

969 4171 993 4257 t
