3044 4968
569 576 664 624 trusa
679 579 808 630 rmus.
1121 581 1177 635 185

200 741 299 838 vigio
336 739 496 812 effretari
529 765 607 814 non
644 746 784 839 possit,
821 761 1036 846 suggerente
1066 764 1178 854 atque

198 860 417 936 exhortante
444 866 579 936 comite
600 864 804 940 Godelrido
823 894 870 940 ne
893 870 986 968 quid
1007 871 1178 948 videlicet

197 983 462 1085 impedimenti
493 997 605 1058 tantae
634 989 751 1086 copiae
781 989 943 1063 militum
970 993 1010 1062 in
1036 992 1177 1070 difficili

197 1109 362 1180 transitu
401 1111 646 1207 contingeret,
681 1111 934 1212 preterlegere
965 1113 1174 1214 festinavit,

198 1231 332 1329 paucis
348 1243 468 1305 tamen
482 1231 707 1306 famulorum
722 1236 1015 1332 remanentibus,
1031 1243 1097 1338 qui
1116 1267 1177 1316 re-

199 1351 467 1450 trogradientes
484 1356 588 1454 (nam
602 1358 761 1431 sarcinas
782 1357 923 1434 bellicae
940 1361 1175 1460 supellectilis

199 1475 483 1576 convectabant)
513 1503 590 1577 prae
616 1478 828 1579 fatigatione
851 1486 992 1580 oneris,
1017 1485 1175 1560 tenebris

195 1593 380 1694 siquidem
397 1600 475 1696 jam
495 1601 611 1698 noctis
632 1601 954 1698 incumbentibus,
978 1608 1174 1681 transitum

196 1720 240 1790 in
254 1722 412 1808 crastino
424 1718 570 1794 differre
583 1723 751 1798 arbitrati
766 1741 866 1800 sunt.
890 1729 1065 1828 Sequenti
1086 1755 1176 1804 vero

197 1839 260 1914 die
269 1841 453 1935 ,collectis
466 1869 558 1944 quos
571 1848 713 1944 potuit,
726 1846 1178 1926 Lothariuslicetinferior

198 1989 376 2059 numero,
393 1991 435 2040 ex
444 1965 599 2066 pudoris
612 1982 736 2042 tamen
749 1973 971 2044 conscientia
981 1997 1178 2072 praesump

199 2089 339 2161 tionem
363 2089 557 2188 colligens,
583 2089 725 2164 occulte
745 2115 863 2191 usque
886 2092 934 2164 ad
957 2093 1176 2192 praedictum

202 2207 358 2284 fluvium
385 2210 506 2284 hostes
539 2215 802 2312 prosequitur,
835 2215 939 2312 cujus
977 2199 1177 2314 improviso

197 2335 343 2434 impetu
352 2337 422 2436 ipsi
439 2337 492 2408 rei
506 2335 857 2434 bellicaeportatores
864 2339 1067 2436 perterriti,
1084 2336 1176 2413 dum

200 2454 270 2528 sibi
284 2471 413 2530 natatu
430 2458 619 2532 consulere
632 2461 873 2552 aestimarent,
888 2459 1011 2534 subito
1031 2485 1177 2536 excres-

199 2580 369 2654 centibus
384 2578 514 2674 undis,
532 2581 642 2681 lapsis
658 2581 798 2655 viribus
811 2585 949 2655 mortui
963 2579 1176 2684 dimergun-

197 2717 273 2778 tur.
290 2708 374 2804 lpsa
390 2706 525 2777 etenim
540 2718 648 2778 nocte
661 2707 701 2778 in
714 2718 861 2778 tantum
875 2709 1032 2780 excrevit
1049 2707 1176 2782 alveo-

196 2827 277 2922 lus,
304 2842 369 2920 ut,
392 2825 608 2902 difficultate
635 2830 854 2928 importuosi
872 2828 1025 2922 littoris,
1046 2843 1176 2903 neuter

198 2951 307 3024 alteri
333 2975 489 3025 manum
516 2951 681 3026 conferre
707 2955 884 3052 potuerit.
912 2955 991 3026 Hoc
1018 2953 1070 3026 ita
1089 2979 1176 3028 saue

196 3073 328 3168 credo,
347 3077 416 3148 Dei
437 3075 626 3150 voluntate
641 3077 832 3177 disposito,
852 3103 899 3150 ne
912 3091 1046 3176 strages
1058 3079 1175 3149 innu-

198 3197 384 3272 mer-abilis
393 3195 564 3270 ederetur
577 3201 780 3298 utrimque.
796 3201 898 3272 Licet
911 3201 1011 3272 enim
1024 3195 1176 3270 inferior

201 3317 414 3412 Lotbarius,
429 3334 480 3410 ¹ut
499 3318 644 3412 ferunt,
660 3345 734 3392 sese
747 3321 940 3391 certamini
953 3320 1173 3413 miscuisset,

201 3444 296 3543 cepit
308 3457 432 3516 tamen
441 3445 633 3543 jumenta,
653 3443 874 3515 comminuit
887 3437 1076 3533 vehicula,
1094 3465 1177 3540 quae

198 3569 313 3666 magis
326 3569 430 3639 oneri
445 3591 558 3666 quam
575 3567 658 3638 usui
674 3567 712 3638 in
735 3563 907 3665 periculis
927 3562 1174 3640 habebantur.

163 3749 181 3770 .
196 3693 328 3764 Parata
344 3715 433 3764 vero
447 3689 638 3782 navicula,
657 3715 724 3789 per
738 3691 990 3765 internuncios
1005 3691 1090 3762 Otto
1108 3691 1178 3761 Lo-

198 3813 322 3888 thario
335 3812 490 3887 mandat
504 3827 566 3905 ut,
584 3815 614 3886 si
629 3814 663 3886 ei
683 3809 885 3886 dimicandi
898 3811 1073 3884 sedulitas
1085 3835 1178 3908 sup-

196 3953 360 4041 peteret,
375 3951 440 4011 aut
454 3937 515 4010 ille
531 3935 695 4036 prolecto
715 3939 869 4036 sumptis
882 3931 1105 4020 obsidibus,
1131 3956 1178 4003 ne

195 4063 292 4146 forte
322 4059 496 4139 videlicet
518 4060 641 4160 aliqua
668 4084 821 4135 suorum
843 4070 947 4159 parte
966 4067 1175 4148 transacta,
