3088 4968
582 569 676 613 LiBER
691 567 819 613 rumne.

215 661 463 676 ..Η

550 805 710 993 dap.
751 871 827 955 11.

209 1127 401 1170 cononum
432 1127 541 1169 mm
571 1129 730 1200 mmm·
752 1130 790 1169 ΕΤ
821 1129 971 1172 mmm
993 1131 1185 1176 mmmm:

242 1208 344 1246 auus
366 1205 443 1246 nno
467 1207 580 1252 (ΖΛΜ.
602 1208 759 1248 surmus
774 1207 894 1246 armus
916 1209 953 1247 BT
964 1209 1083 1253 GALLIS,
1101 1212 1188 1252 ΑΤΙΕ-

240 1285 342 1328 BATW
352 1285 444 1336 USQUE
458 1287 637 1334 nummus,
651 1287 774 1328 0013οΜ
788 1287 887 1327 nucu
906 1287 1096 1328 wmvuavrr.

215 1457 309 1570 Sao
323 1486 403 1561 haee
413 1488 459 1560 de
474 1515 582 1563 causa
602 1489 905 1565 aedificandarum
919 1492 1073 1565 urbium
1086 1490 1185 1564 diota

211 1610 407 1684 sufficiant.
432 1615 488 1684 De
518 1615 729 1688 auctoribus
753 1640 840 1690 vero
866 1641 995 1688 earum
1011 1613 1185 1688 dissensio

208 1731 430 1831 plerumque
446 1735 651 1827 invenitur,
669 1735 761 1809 adeo
775 1751 819 1809 ut
832 1761 900 1810 nec
917 1735 1019 1808 urbis
1032 1734 1185 1834 quidem

208 1854 1189 1958 Romaeorigodiligenterpossitagnosci.(ladmon'qs

208 1975 272 2046 Bb.
302 1974 359 2045 15.
384 2003 420 2046 e.
446 1978 513 2075 1.)
535 1980 629 2051 Nam
650 1981 818 2080 plerique
836 2005 858 2052 a
880 1981 1046 2076 Trojanis
1076 1993 1187 2078 atque

210 2095 492 2194 Aboriginibus,
521 2099 586 2170 alii
613 2100 659 2170 ab
678 2099 873 2193 Evandro,
901 2099 963 2170 alii
987 2125 1009 2170 a
1028 2100 1188 2170 Romulo

137 2251 143 2256 ·
215 2241 293 2288 eam
322 2216 515 2291 conditam
545 2219 655 2290 fuisse
686 2232 863 2292 asserunt.
882 2216 999 2290 Unde
1026 2243 1093 2291 nos
1121 2243 1188 2293 nec

211 2335 421 2432 historicos,
462 2363 530 2412 nec
562 2353 867 2414 commentatores
897 2343 997 2414 varia
1026 2339 1188 2414 dieentes

209 2462 407 2560 imperitiae
419 2459 868 2556 condemnaredebemus,
888 2464 976 2561 quia
989 2467 1187 2562 antiquitas

211 2583 290 2680 ipsa
302 2586 441 2656 creavit
453 2603 629 2656 errorem.
647 2583 718 2657 Sed
735 2587 764 2656 si
789 2597 900 2656 tantae
918 2587 1074 2658 civitatis
1087 2599 1188 2658 certa

209 2707 306 2776 ratio
319 2729 396 2776 non
406 2719 580 2804 apparet,
598 2732 674 2779 non
688 2709 826 2778 mirum
839 2709 869 2779 si
882 2709 922 2776 in
936 2707 1093 2804 aliarum
1109 2710 1186 2806 opi-

210 2806 327 2898 nione
355 2825 562 2898 dubitatur.
601 2829 781 2899 Facturus
817 2831 930 2925 igitur
961 2830 1188 2920 mentionem

213 2961 424 3020 sanctorum
441 2961 612 3048 patrum,
632 2974 724 3048 qnos
738 2947 896 3049 provida
909 2950 978 3020 Dei
998 2947 1190 3048 dispositio

213 3069 462 3160 atrebatensi,
489 3095 553 3142 seu
572 3073 823 3144 Cameracensi
850 3070 1008 3143 eeclesiae
1038 3095 1191 3168 praeesse

215 3194 421 3284 constituit,
454 3191 589 3264 harum
619 3191 780 3266 duarum
804 3188 1012 3264 conditores
1035 3190 1189 3262 urbium

218 3315 353 3410 scripto
378 3328 556 3385 annotare
586 3312 800 3384 debueram.
830 3310 901 3382 Sed
929 3313 1017 3406 quia
1038 3315 1192 3382 nomina

217 3448 284 3506 aut
305 3437 518 3507 memoriam
535 3457 664 3504 eorum
680 3457 748 3503 neo
762 3431 943 3520 historiae,
964 3441 1028 3500 aut
1044 3431 1192 3504 annales

214 3573 280 3631 aut
299 3559 410 3631 etiam
424 3557 521 3629 fama
538 3569 717 3656 superstes
735 3578 941 3644 servavere,
961 3551 1007 3624 de
1025 3551 1081 3624 his
1099 3579 1193 3628 con-

215 3668 346 3754 sultius
378 3683 532 3754 reticere
566 3682 793 3770 censuimus,
832 3701 945 3775 quam
979 3676 1190 3751 fabulosum

214 3802 307 3902 quid
321 3801 515 3874 conficere.
531 3802 588 3873 De
605 3799 832 3898 temporibus
853 3823 1001 3896 quoque
1021 3797 1193 3870 condita-

213 3949 300 3996 rum
324 3923 454 3996 eadem
479 3937 625 3996 oonstat
642 3923 756 4012 ratio,
776 3935 819 3991 ut
841 3945 1002 4017 quorum
1025 3930 1191 3990 auctores

215 4049 451 4140 nesciuntur,
470 4059 506 4119 et
527 4062 694 4144 tempora
712 4043 907 4118 sileantur:
934 4051 1067 4139 praeter
1091 4037 1194 4134 quod
