3044 4968
577 566 670 612 nnrn
683 567 813 614 remus.
1126 557 1182 612 tlt
1244 536 1248 544 ’

203 748 242 808 et
258 709 399 806 difficili
413 731 583 830 negotio,
599 731 877 824 subverterunt3
900 729 993 804 adeo
1011 753 1119 821 sane,
1137 741 1183 801 ut

202 857 381 930 ambustis
394 852 564 926 sublimis
580 863 773 924 structurae
794 851 978 944 aedificiis,
997 851 1182 924 lamenta-

202 977 280 1052 bile
304 971 431 1048 dictu!
463 971 629 1044 culmina
649 997 737 1046 eum
756 989 857 1048 vasta
876 975 987 1046 ruina
1007 971 1182 1046 devolve-

201 1115 356 1191 rentur,
380 1093 599 1196 plumbique
626 1119 704 1192 quo
732 1121 875 1168 summa
906 1093 1064 1196 desuper
1089 1107 1183 1168 tecta

204 1219 528 1321 cooperiebantur,
563 1215 771 1316 liquefacti,
803 1220 903 1292 rivus
917 1215 994 1290 huc
1009 1216 1099 1290 illuc
1116 1241 1183 1316 per

203 1343 362 1418 declivia
377 1363 535 1440 quaeque
550 1337 767 1434 decurrens,
788 1339 916 1441 plateis
930 1338 1083 1440 quidem
1105 1365 1179 1413 na-

206 1457 391 1556 tantibus,
411 1463 518 1536 fossas
536 1461 707 1563 impleret
727 1465 767 1536 in
791 1465 962 1538 circuitu.
986 1461 1179 1555 Posthaec‚

201 1589 432 1687 congregatis
446 1589 617 1688 captivis,
634 1573 725 1662 eum
736 1587 883 1662 infinita
898 1585 1027 1690 praeda
1043 1586 1182 1662 absees-

200 1724 343 1786 serunt.

522 1907 690 2094 παρ.
737 1966 925 2045 LXXV.

256 2227 305 2270 nu
321 2228 342 2270 ι.
355 2223 524 2272 murres
540 2207 681 2268 rrurnso'
691 2223 769 2268 uoco
784 2223 970 2268 assumar
989 2221 1121 2268 smnur.

202 2401 336 2515 Deru
350 2463 501 2542 qnoque
515 2441 613 2514 eirea
632 2441 738 2515 istam
759 2447 990 2544 provinciam
1011 2469 1087 2519 non
1108 2444 1182 2517 mi-

200 2587 274 2636 nus
286 2563 513 2656 liuentibus,
529 2576 566 2635 et
578 2575 622 2636 ut
635 2563 752 2663 liquet
766 2569 860 2668 ipsas
872 2568 1040 2642 historias
1052 2569 1182 2669 legen-

198 2687 313 2779 tibus,
328 2698 468 2760 sanctas
478 2686 548 2759 Dei
560 2709 657 2759 cusas
666 2687 964 2784 incendentibus,
976 2694 1018 2762 B.
1028 2693 1179 2764 Hermes

198 2823 343 2908 martyr
355 2807 504 2897 Christi,
516 2811 1073 2910 quempapaAlexanderRomae
1082 2812 1181 2913 bap-

200 2935 346 3028 tizarit,
365 2931 412 3006 de
424 2935 601 3006 Rotnasce
614 2933 704 3007 villa
716 2933 955 3030 Brabatense,
969 2935 1019 3010 de
1029 2960 1180 3010 monas-

198 3053 476 3129 teriovidelioet
490 3051 592 3153 quod
612 3057 652 3126 B.
677 3053 867 3131 Amandus
885 3061 1106 3150 construxit,
1132 3057 1182 3130 ad

199 3181 466 3252 monasterium
480 3177 577 3252 villae
598 3175 722 3272 Ende,
749 3205 832 3278 quae
852 3183 958 3278 juxta
979 3182 1181 3280 Aquisgra-
1202 3215 1213 3240 ·

204 3319 300 3370 num
326 3301 391 3372 sita
413 3315 486 3388 est,
513 3301 636 3399 primo
668 3313 896 3398 asportatur,
933 3299 1067 3372 deinde
1094 3325 1182 3372 vero

204 3419 395 3494 Coloniam
416 3447 534 3522 usque
558 3418 775 3513 translatus,
798 3444 875 3494 non
896 3445 1015 3523 pauco
1039 3419 1181 3496 ibidem

201 3557 369 3646 tempore
387 3543 614 3618 demoratur.
638 3542 747 3618 Unde
766 3544 1079 3620 intercedentibus
1111 3543 1182 3617 ali-

199 3665 1178 3770 quotannorumcurriculis,interutrumque'clerum,

198 3789 240 3864 id
254 3805 308 3866 est
324 3793 423 3864 inter
439 3791 700 3865 Rotnascenses
714 3805 824 3892 atque
834 3791 1026 3866 Endenses
1045 3799 1180 3892 magna

198 3929 326 3990 exorta
339 3927 394 3988 est
415 3911 643 4015 disceptatio.
666 3915 780 3988 Danis
802 3915 903 3987 enim
923 3917 1089 4004 remotis,
1113 3917 1179 3986 r'e-'

198 4037 346 4141 busque
359 4047 493 4115 sancte
506 4039 577 4116 Dei
592 4038 750 4118 eeclesiae
764 4037 804 4114 in
817 4037 1059 4141 prosperitate
1072 4035 1180 4112 resti-
