<?xml version="1.0" encoding="UTF-8"?>
<!DOCTYPE html PUBLIC "-//W3C//DTD XHTML 1.0 Transitional//EN"
    "http://www.w3.org/TR/xhtml1/DTD/xhtml1-transitional.dtd">
<html xmlns="http://www.w3.org/1999/xhtml" xml:lang="en" lang="en">
 <head>
  <title>
</title>
<meta http-equiv="Content-Type" content="text/html;charset=utf-8" />
  <meta name='ocr-system' content='tesseract 3.04.00' />
  <meta name='ocr-capabilities' content='ocr_page ocr_carea ocr_par ocr_line ocrx_word'/>
</head>
<body>
  <div class='ocr_page' id='page_1' title='image "./chroniquedarras00glaygoog_0189.png"; bbox 0 0 3044 4968; ppageno 0'>
   <div class='ocr_carea' id='block_1_1' title="bbox 524 577 1133 634">
    <p class='ocr_par' dir='ltr' id='par_1_1' title="bbox 524 577 1133 634">
     <span class='ocr_line' id='line_1_1' title="bbox 524 577 1133 634; baseline 0.005 -4"><span class='ocrx_word' id='word_1_1' title='bbox 524 585 618 630; x_wconf 80' lang='lat' dir='ltr'><strong>nuru</strong></span> <span class='ocrx_word' id='word_1_2' title='bbox 633 584 762 634; x_wconf 67' lang='lat' dir='ltr'><strong>sutus.</strong></span> <span class='ocrx_word' id='word_1_3' title='bbox 1080 577 1133 634; x_wconf 78' lang='lat' dir='ltr'><strong>ttt</strong></span> 
     </span>
    </p>
   </div>
   <div class='ocr_carea' id='block_1_2' title="bbox 149 747 1139 4189">
    <p class='ocr_par' dir='ltr' id='par_1_2' title="bbox 149 747 1139 4189">
     <span class='ocr_line' id='line_1_2' title="bbox 152 747 1137 850; baseline 0.002 -24"><span class='ocrx_word' id='word_1_4' title='bbox 152 747 338 826; x_wconf 82' lang='lat' dir='ltr'><strong>industria</strong></span> <span class='ocrx_word' id='word_1_5' title='bbox 353 751 478 850; x_wconf 89' lang='lat' dir='ltr'><strong>potins</strong></span> <span class='ocrx_word' id='word_1_6' title='bbox 491 759 613 846; x_wconf 87' lang='lat' dir='ltr'><strong>posset</strong></span> <span class='ocrx_word' id='word_1_7' title='bbox 626 748 800 824; x_wconf 85' lang='lat' dir='ltr'><strong>resistere.</strong></span> <span class='ocrx_word' id='word_1_8' title='bbox 816 751 912 824; x_wconf 90' lang='lat' dir='ltr'><strong>Curu</strong></span> <span class='ocrx_word' id='word_1_9' title='bbox 930 763 1057 826; x_wconf 87' lang='lat' dir='ltr'><strong>autem</strong></span> <span class='ocrx_word' id='word_1_10' title='bbox 1075 775 1137 828; x_wconf 83' lang='lat' dir='ltr'><strong>rer</strong></span> 
     </span>
     <span class='ocr_line' id='line_1_3' title="bbox 152 869 1134 974; baseline 0.004 -30"><span class='ocrx_word' id='word_1_11' title='bbox 152 871 352 948; x_wconf 83' lang='lat' dir='ltr'><strong>Lotharius</strong></span> <span class='ocrx_word' id='word_1_12' title='bbox 377 871 470 946; x_wconf 89' lang='lat' dir='ltr'><strong>illuc</strong></span> <span class='ocrx_word' id='word_1_13' title='bbox 485 873 729 969; x_wconf 74' lang='lat' dir='ltr'>perveniens,</span> <span class='ocrx_word' id='word_1_14' title='bbox 747 874 820 948; x_wconf 88' lang='lat' dir='ltr'><strong>suis</strong></span> <span class='ocrx_word' id='word_1_15' title='bbox 838 869 991 971; x_wconf 87' lang='lat' dir='ltr'><strong>quidem</strong></span> <span class='ocrx_word' id='word_1_16' title='bbox 1005 871 1134 974; x_wconf 90' lang='lat' dir='ltr'><strong>dispo-</strong></span> 
     </span>
     <span class='ocr_line' id='line_1_4' title="bbox 152 991 1137 1088; baseline 0 -16"><span class='ocrx_word' id='word_1_17' title='bbox 152 996 354 1072; x_wconf 89' lang='lat' dir='ltr'><strong>sitionibus</strong></span> <span class='ocrx_word' id='word_1_18' title='bbox 371 995 503 1086; x_wconf 88' lang='lat' dir='ltr'><strong>elusis,</strong></span> <span class='ocrx_word' id='word_1_19' title='bbox 519 992 627 1068; x_wconf 91' lang='lat' dir='ltr'><strong>illum</strong></span> <span class='ocrx_word' id='word_1_20' title='bbox 651 995 803 1070; x_wconf 87' lang='lat' dir='ltr'><strong>minime</strong></span> <span class='ocrx_word' id='word_1_21' title='bbox 822 991 1040 1088; x_wconf 85' lang='lat' dir='ltr'><strong>offenderet,</strong></span> <span class='ocrx_word' id='word_1_22' title='bbox 1061 996 1137 1072; x_wconf 89' lang='lat' dir='ltr'><strong>ibi-</strong></span> 
     </span>
     <span class='ocr_line' id='line_1_5' title="bbox 151 1115 1134 1220; baseline 0.002 -28"><span class='ocrx_word' id='word_1_23' title='bbox 151 1145 250 1220; x_wconf 84' lang='lat' dir='ltr'><strong>que,</strong></span> <span class='ocrx_word' id='word_1_24' title='bbox 265 1118 383 1192; x_wconf 85' lang='lat' dir='ltr'><strong>Gallis</strong></span> <span class='ocrx_word' id='word_1_25' title='bbox 399 1115 666 1192; x_wconf 79' lang='lat' dir='ltr'>bacchantibus</span> <span class='ocrx_word' id='word_1_26' title='bbox 681 1131 793 1217; x_wconf 87' lang='lat' dir='ltr'><strong>atque</strong></span> <span class='ocrx_word' id='word_1_27' title='bbox 808 1117 1134 1214; x_wconf 71' lang='lat' dir='ltr'><strong>latrocinantibus,</strong></span> 
     </span>
     <span class='ocr_line' id='line_1_6' title="bbox 151 1239 1136 1343; baseline 0 -25"><span class='ocrx_word' id='word_1_28' title='bbox 151 1243 279 1318; x_wconf 86' lang='lat' dir='ltr'><strong>multa</strong></span> <span class='ocrx_word' id='word_1_29' title='bbox 292 1241 529 1343; x_wconf 79' lang='lat' dir='ltr'>populatione</span> <span class='ocrx_word' id='word_1_30' title='bbox 542 1243 628 1316; x_wconf 88' lang='lat' dir='ltr'><strong>satis</strong></span> <span class='ocrx_word' id='word_1_31' title='bbox 640 1239 862 1334; x_wconf 84' lang='lat' dir='ltr'><strong>desaevisset,</strong></span> <span class='ocrx_word' id='word_1_32' title='bbox 879 1241 935 1316; x_wconf 91' lang='lat' dir='ltr'><strong>illi</strong></span> <span class='ocrx_word' id='word_1_33' title='bbox 956 1243 1136 1318; x_wconf 88' lang='lat' dir='ltr'><strong>nimirum</strong></span> 
     </span>
     <span class='ocr_line' id='line_1_7' title="bbox 150 1362 1131 1464; baseline 0.002 -26"><span class='ocrx_word' id='word_1_34' title='bbox 150 1367 358 1440; x_wconf 83' lang='lat' dir='ltr'><strong>revertenti</strong></span> <span class='ocrx_word' id='word_1_35' title='bbox 386 1367 472 1437; x_wconf 91' lang='lat' dir='ltr'><strong>Otto</strong></span> <span class='ocrx_word' id='word_1_36' title='bbox 493 1363 715 1462; x_wconf 77' lang='lat' dir='ltr'><strong>legationem</strong></span> <span class='ocrx_word' id='word_1_37' title='bbox 733 1362 900 1464; x_wconf 83' lang='lat' dir='ltr'><strong>dirigere</strong></span> <span class='ocrx_word' id='word_1_38' title='bbox 924 1363 1131 1460; x_wconf 75' lang='lat' dir='ltr'><strong>festinavit,</strong></span> 
     </span>
     <span class='ocr_line' id='line_1_8' title="bbox 150 1485 1132 1588; baseline 0.003 -29"><span class='ocrx_word' id='word_1_39' title='bbox 150 1501 285 1586; x_wconf 83' lang='lat' dir='ltr'><strong>aperte</strong></span> <span class='ocrx_word' id='word_1_40' title='bbox 299 1485 465 1560; x_wconf 85' lang='lat' dir='ltr'><strong>videlicet</strong></span> <span class='ocrx_word' id='word_1_41' title='bbox 475 1485 723 1578; x_wconf 85' lang='lat' dir='ltr'><strong>denuncians,</strong></span> <span class='ocrx_word' id='word_1_42' title='bbox 741 1486 843 1588; x_wconf 88' lang='lat' dir='ltr'><strong>quod</strong></span> <span class='ocrx_word' id='word_1_43' title='bbox 857 1503 1012 1588; x_wconf 89' lang='lat' dir='ltr'><strong>propter</strong></span> <span class='ocrx_word' id='word_1_44' title='bbox 1024 1488 1132 1564; x_wconf 85' lang='lat' dir='ltr'><strong>ultio·</strong></span> 
     </span>
     <span class='ocr_line' id='line_1_9' title="bbox 152 1607 1137 1708; baseline 0.006 -26"><span class='ocrx_word' id='word_1_45' title='bbox 152 1633 244 1682; x_wconf 85' lang='lat' dir='ltr'><strong>nem</strong></span> <span class='ocrx_word' id='word_1_46' title='bbox 262 1633 337 1682; x_wconf 84' lang='lat' dir='ltr'><strong>suae</strong></span> <span class='ocrx_word' id='word_1_47' title='bbox 365 1622 476 1682; x_wconf 77' lang='lat' dir='ltr'><strong>tanta</strong></span> <span class='ocrx_word' id='word_1_48' title='bbox 489 1607 655 1708; x_wconf 85' lang='lat' dir='ltr'><strong>perfidiae</strong></span> <span class='ocrx_word' id='word_1_49' title='bbox 670 1611 793 1686; x_wconf 91' lang='lat' dir='ltr'><strong>nullos</strong></span> <span class='ocrx_word' id='word_1_50' title='bbox 809 1613 844 1686; x_wconf 87' lang='lat' dir='ltr'><strong>ei</strong></span> <span class='ocrx_word' id='word_1_51' title='bbox 867 1609 972 1688; x_wconf 91' lang='lat' dir='ltr'><strong>dolos</strong></span> <span class='ocrx_word' id='word_1_52' title='bbox 991 1626 1058 1688; x_wconf 87' lang='lat' dir='ltr'><strong>aut</strong></span> <span class='ocrx_word' id='word_1_53' title='bbox 1071 1614 1137 1688; x_wconf 89' lang='lat' dir='ltr'><strong>in·</strong></span> 
     </span>
     <span class='ocr_line' id='line_1_10' title="bbox 151 1727 1134 1834; baseline 0.007 -30"><span class='ocrx_word' id='word_1_54' title='bbox 151 1727 264 1804; x_wconf 88' lang='lat' dir='ltr'><strong>sidias</strong></span> <span class='ocrx_word' id='word_1_55' title='bbox 290 1734 509 1824; x_wconf 82' lang='lat' dir='ltr'><strong>innecteret,</strong></span> <span class='ocrx_word' id='word_1_56' title='bbox 538 1755 614 1806; x_wconf 90' lang='lat' dir='ltr'><strong>non</strong></span> <span class='ocrx_word' id='word_1_57' title='bbox 644 1729 776 1808; x_wconf 84' lang='lat' dir='ltr'><strong>fraudo</strong></span> <span class='ocrx_word' id='word_1_58' title='bbox 808 1734 1038 1834; x_wconf 73' lang='lat' dir='ltr'><strong>subriperet,</strong></span> <span class='ocrx_word' id='word_1_59' title='bbox 1069 1735 1134 1811; x_wconf 89' lang='lat' dir='ltr'><strong>sed</strong></span> 
     </span>
     <span class='ocr_line' id='line_1_11' title="bbox 152 1853 1137 1950; baseline 0.002 -20"><span class='ocrx_word' id='word_1_60' title='bbox 152 1854 307 1930; x_wconf 87' lang='lat' dir='ltr'><strong>sublatis</strong></span> <span class='ocrx_word' id='word_1_61' title='bbox 328 1853 502 1930; x_wconf 89' lang='lat' dir='ltr'><strong>omnibus</strong></span> <span class='ocrx_word' id='word_1_62' title='bbox 529 1854 810 1950; x_wconf 88' lang='lat' dir='ltr'><strong>fraudulentiis,</strong></span> <span class='ocrx_word' id='word_1_63' title='bbox 835 1854 1005 1934; x_wconf 82' lang='lat' dir='ltr'><strong>kalendis</strong></span> <span class='ocrx_word' id='word_1_64' title='bbox 1031 1869 1137 1932; x_wconf 93' lang='lat' dir='ltr'><strong>octo-</strong></span> 
     </span>
     <span class='ocr_line' id='line_1_12' title="bbox 153 1976 1136 2080; baseline 0.004 -28"><span class='ocrx_word' id='word_1_65' title='bbox 153 1977 284 2052; x_wconf 90' lang='lat' dir='ltr'><strong>bribus</strong></span> <span class='ocrx_word' id='word_1_66' title='bbox 297 1976 347 2052; x_wconf 86' lang='lat' dir='ltr'><strong>ad</strong></span> <span class='ocrx_word' id='word_1_67' title='bbox 360 1976 634 2054; x_wconf 89' lang='lat' dir='ltr'><strong>debilitandum</strong></span> <span class='ocrx_word' id='word_1_68' title='bbox 644 1983 701 2054; x_wconf 87' lang='lat' dir='ltr'><strong>sui</strong></span> <span class='ocrx_word' id='word_1_69' title='bbox 715 1981 821 2079; x_wconf 76' lang='lat' dir='ltr'><strong>regni</strong></span> <span class='ocrx_word' id='word_1_70' title='bbox 835 1981 1036 2079; x_wconf 87' lang='lat' dir='ltr'><strong>imperium</strong></span> <span class='ocrx_word' id='word_1_71' title='bbox 1050 2005 1136 2080; x_wconf 91' lang='lat' dir='ltr'><strong>pro-</strong></span> 
     </span>
     <span class='ocr_line' id='line_1_13' title="bbox 154 2100 1137 2202; baseline 0 -26"><span class='ocrx_word' id='word_1_72' title='bbox 154 2100 315 2176; x_wconf 85' lang='lat' dir='ltr'><strong>cederet.</strong></span> <span class='ocrx_word' id='word_1_73' title='bbox 343 2106 491 2176; x_wconf 84' lang='lat' dir='ltr'><strong>Interea</strong></span> <span class='ocrx_word' id='word_1_74' title='bbox 524 2105 649 2202; x_wconf 87' lang='lat' dir='ltr'><strong>itaque</strong></span> <span class='ocrx_word' id='word_1_75' title='bbox 678 2106 881 2201; x_wconf 82' lang='lat' dir='ltr'><strong>imperator</strong></span> <span class='ocrx_word' id='word_1_76' title='bbox 916 2126 991 2174; x_wconf 86' lang='lat' dir='ltr'><strong>suae</strong></span> <span class='ocrx_word' id='word_1_77' title='bbox 1030 2116 1137 2176; x_wconf 82' lang='lat' dir='ltr'><strong>terrae</strong></span> 
     </span>
     <span class='ocr_line' id='line_1_14' title="bbox 158 2222 1138 2326; baseline 0.004 -30"><span class='ocrx_word' id='word_1_78' title='bbox 158 2222 272 2299; x_wconf 90' lang='lat' dir='ltr'><strong>duces</strong></span> <span class='ocrx_word' id='word_1_79' title='bbox 281 2240 316 2298; x_wconf 88' lang='lat' dir='ltr'><strong>et</strong></span> <span class='ocrx_word' id='word_1_80' title='bbox 328 2224 840 2326; x_wconf 87' lang='lat' dir='ltr'><strong>principes,belloaocinctos,</strong></span> <span class='ocrx_word' id='word_1_81' title='bbox 849 2226 1042 2298; x_wconf 86' lang='lat' dir='ltr'><strong>convocari</strong></span> <span class='ocrx_word' id='word_1_82' title='bbox 1050 2249 1138 2324; x_wconf 80' lang='lat' dir='ltr'><strong>prae</strong></span> 
     </span>
     <span class='ocr_line' id='line_1_15' title="bbox 155 2349 1138 2448; baseline -0.006 -25"><span class='ocrx_word' id='word_1_83' title='bbox 155 2349 274 2448; x_wconf 88' lang='lat' dir='ltr'><strong>oepit,</strong></span> <span class='ocrx_word' id='word_1_84' title='bbox 308 2351 519 2448; x_wconf 83' lang='lat' dir='ltr'><strong>vocatisque</strong></span> <span class='ocrx_word' id='word_1_85' title='bbox 549 2350 669 2420; x_wconf 89' lang='lat' dir='ltr'><strong>omnis</strong></span> <span class='ocrx_word' id='word_1_86' title='bbox 698 2349 750 2420; x_wconf 92' lang='lat' dir='ltr'><strong>rei</strong></span> <span class='ocrx_word' id='word_1_87' title='bbox 779 2369 927 2422; x_wconf 76' lang='lat' dir='ltr'><strong>sanem</strong></span> <span class='ocrx_word' id='word_1_88' title='bbox 947 2371 1034 2422; x_wconf 90' lang='lat' dir='ltr'><strong>cum</strong></span> <span class='ocrx_word' id='word_1_89' title='bbox 1050 2372 1138 2445; x_wconf 80' lang='lat' dir='ltr'><strong>gra-</strong></span> 
     </span>
     <span class='ocr_line' id='line_1_16' title="bbox 156 2465 1135 2572; baseline 0.002 -30"><span class='ocrx_word' id='word_1_90' title='bbox 156 2473 272 2544; x_wconf 86' lang='lat' dir='ltr'><strong>vitate</strong></span> <span class='ocrx_word' id='word_1_91' title='bbox 298 2469 597 2572; x_wconf 78' lang='lat' dir='ltr'><strong>proclamationis</strong></span> <span class='ocrx_word' id='word_1_92' title='bbox 624 2471 829 2563; x_wconf 78' lang='lat' dir='ltr'><strong>intimans,</strong></span> <span class='ocrx_word' id='word_1_93' title='bbox 861 2465 1135 2570; x_wconf 83' lang='lat' dir='ltr'><strong>expeditionem</strong></span> 
     </span>
     <span class='ocr_line' id='line_1_17' title="bbox 153 2589 1136 2694; baseline 0.001 -27"><span class='ocrx_word' id='word_1_94' title='bbox 153 2619 269 2694; x_wconf 88' lang='lat' dir='ltr'><strong>snper</strong></span> <span class='ocrx_word' id='word_1_95' title='bbox 291 2591 510 2667; x_wconf 89' lang='lat' dir='ltr'><strong>Lotharium</strong></span> <span class='ocrx_word' id='word_1_96' title='bbox 540 2591 675 2667; x_wconf 87' lang='lat' dir='ltr'><strong>ducere</strong></span> <span class='ocrx_word' id='word_1_97' title='bbox 704 2589 914 2666; x_wconf 87' lang='lat' dir='ltr'><strong>destinavit.</strong></span> <span class='ocrx_word' id='word_1_98' title='bbox 946 2590 1005 2665; x_wconf 85' lang='lat' dir='ltr'><strong>Ad</strong></span> <span class='ocrx_word' id='word_1_99' title='bbox 1031 2596 1136 2692; x_wconf 89' lang='lat' dir='ltr'><strong>cujus</strong></span> 
     </span>
     <span class='ocr_line' id='line_1_18' title="bbox 153 2713 1137 2814; baseline 0.002 -24"><span class='ocrx_word' id='word_1_100' title='bbox 153 2715 451 2794; x_wconf 83' lang='lat' dir='ltr'><strong>exhortationem</strong></span> <span class='ocrx_word' id='word_1_101' title='bbox 465 2717 591 2790; x_wconf 88' lang='lat' dir='ltr'><strong>cuncti</strong></span> <span class='ocrx_word' id='word_1_102' title='bbox 604 2717 747 2790; x_wconf 88' lang='lat' dir='ltr'><strong>animos</strong></span> <span class='ocrx_word' id='word_1_103' title='bbox 759 2713 934 2808; x_wconf 89' lang='lat' dir='ltr'><strong>flectunt,</strong></span> <span class='ocrx_word' id='word_1_104' title='bbox 946 2713 1137 2814; x_wconf 77' lang='lat' dir='ltr'><strong>indignan-</strong></span> 
     </span>
     <span class='ocr_line' id='line_1_19' title="bbox 156 2837 1134 2944; baseline 0 -30"><span class='ocrx_word' id='word_1_105' title='bbox 156 2856 285 2944; x_wconf 87' lang='lat' dir='ltr'><strong>tesque</strong></span> <span class='ocrx_word' id='word_1_106' title='bbox 298 2840 369 2914; x_wconf 89' lang='lat' dir='ltr'><strong>sibi</strong></span> <span class='ocrx_word' id='word_1_107' title='bbox 385 2839 523 2914; x_wconf 79' lang='lat' dir='ltr'><strong>factum</strong></span> <span class='ocrx_word' id='word_1_108' title='bbox 540 2837 721 2932; x_wconf 82' lang='lat' dir='ltr'><strong>dedecus,</strong></span> <span class='ocrx_word' id='word_1_109' title='bbox 740 2861 869 2911; x_wconf 89' lang='lat' dir='ltr'><strong>omnes</strong></span> <span class='ocrx_word' id='word_1_110' title='bbox 887 2838 1134 2932; x_wconf 89' lang='lat' dir='ltr'><strong>unanimiter,</strong></span> 
     </span>
     <span class='ocr_line' id='line_1_20' title="bbox 153 2957 1132 3062; baseline -0.002 -26"><span class='ocrx_word' id='word_1_111' title='bbox 153 2963 263 3062; x_wconf 87' lang='lat' dir='ltr'><strong>quasi</strong></span> <span class='ocrx_word' id='word_1_112' title='bbox 275 2964 334 3035; x_wconf 89' lang='lat' dir='ltr'><strong>vir</strong></span> <span class='ocrx_word' id='word_1_113' title='bbox 349 2986 466 3054; x_wconf 91' lang='lat' dir='ltr'><strong>unus,</strong></span> <span class='ocrx_word' id='word_1_114' title='bbox 484 2963 641 3036; x_wconf 89' lang='lat' dir='ltr'><strong>invicem</strong></span> <span class='ocrx_word' id='word_1_115' title='bbox 654 2961 965 3062; x_wconf 87' lang='lat' dir='ltr'><strong>conspirationem</strong></span> <span class='ocrx_word' id='word_1_116' title='bbox 978 2957 1132 3056; x_wconf 83' lang='lat' dir='ltr'><strong>faciunt,</strong></span> 
     </span>
     <span class='ocr_line' id='line_1_21' title="bbox 152 3085 1137 3189; baseline -0.002 -27"><span class='ocrx_word' id='word_1_117' title='bbox 152 3105 193 3164; x_wconf 86' lang='lat' dir='ltr'><strong>et</strong></span> <span class='ocrx_word' id='word_1_118' title='bbox 206 3113 278 3189; x_wconf 92' lang='lat' dir='ltr'><strong>pro</strong></span> <span class='ocrx_word' id='word_1_119' title='bbox 291 3085 469 3164; x_wconf 84' lang='lat' dir='ltr'><strong>fidelitate</strong></span> <span class='ocrx_word' id='word_1_120' title='bbox 484 3091 616 3188; x_wconf 85' lang='lat' dir='ltr'><strong>patris,</strong></span> <span class='ocrx_word' id='word_1_121' title='bbox 636 3091 701 3188; x_wconf 89' lang='lat' dir='ltr'><strong>qui</strong></span> <span class='ocrx_word' id='word_1_122' title='bbox 718 3112 779 3162; x_wconf 91' lang='lat' dir='ltr'><strong>eos</strong></span> <span class='ocrx_word' id='word_1_123' title='bbox 795 3086 1026 3162; x_wconf 82' lang='lat' dir='ltr'><strong>familiariter</strong></span> <span class='ocrx_word' id='word_1_124' title='bbox 1039 3111 1137 3162; x_wconf 74' lang='lat' dir='ltr'><strong>enu-</strong></span> 
     </span>
     <span class='ocr_line' id='line_1_22' title="bbox 155 3207 1138 3312; baseline 0 -26"><span class='ocrx_word' id='word_1_125' title='bbox 155 3215 283 3305; x_wconf 81' lang='lat' dir='ltr'><strong>trivit,</strong></span> <span class='ocrx_word' id='word_1_126' title='bbox 299 3209 479 3312; x_wconf 86' lang='lat' dir='ltr'><strong>usquead</strong></span> <span class='ocrx_word' id='word_1_127' title='bbox 493 3215 631 3286; x_wconf 85' lang='lat' dir='ltr'><strong>exitum.</strong></span> <span class='ocrx_word' id='word_1_128' title='bbox 648 3213 733 3286; x_wconf 82' lang='lat' dir='ltr'><strong>vitae</strong></span> <span class='ocrx_word' id='word_1_129' title='bbox 747 3235 822 3286; x_wconf 89' lang='lat' dir='ltr'><strong>sese</strong></span> <span class='ocrx_word' id='word_1_130' title='bbox 838 3207 1063 3286; x_wconf 88' lang='lat' dir='ltr'><strong>deservitum</strong></span> <span class='ocrx_word' id='word_1_131' title='bbox 1084 3212 1138 3286; x_wconf 86' lang='lat' dir='ltr'><strong>ire</strong></span> 
     </span>
     <span class='ocr_line' id='line_1_23' title="bbox 159 3335 1135 3437; baseline -0.004 -27"><span class='ocrx_word' id='word_1_132' title='bbox 159 3336 397 3437; x_wconf 88' lang='lat' dir='ltr'><strong>promittunt.</strong></span> <span class='ocrx_word' id='word_1_133' title='bbox 416 3339 481 3414; x_wconf 88' lang='lat' dir='ltr'><strong>His</strong></span> <span class='ocrx_word' id='word_1_134' title='bbox 495 3359 583 3433; x_wconf 77' lang='lat' dir='ltr'><strong>ergo</strong></span> <span class='ocrx_word' id='word_1_135' title='bbox 595 3337 715 3409; x_wconf 88' lang='lat' dir='ltr'><strong>ascitis</strong></span> <span class='ocrx_word' id='word_1_136' title='bbox 728 3347 841 3432; x_wconf 83' lang='lat' dir='ltr'><strong>atque</strong></span> <span class='ocrx_word' id='word_1_137' title='bbox 857 3335 1006 3424; x_wconf 84' lang='lat' dir='ltr'><strong>coactis,</strong></span> <span class='ocrx_word' id='word_1_138' title='bbox 1023 3347 1135 3406; x_wconf 78' lang='lat' dir='ltr'><strong>tantu</strong></span> 
     </span>
     <span class='ocr_line' id='line_1_24' title="bbox 154 3459 1138 3561; baseline -0.006 -27"><span class='ocrx_word' id='word_1_139' title='bbox 154 3461 481 3561; x_wconf 78' lang='lat' dir='ltr'><strong>copiarexercitum</strong></span> <span class='ocrx_word' id='word_1_140' title='bbox 494 3459 625 3552; x_wconf 88' lang='lat' dir='ltr'><strong>movit,</strong></span> <span class='ocrx_word' id='word_1_141' title='bbox 643 3471 688 3530; x_wconf 90' lang='lat' dir='ltr'><strong>ut</strong></span> <span class='ocrx_word' id='word_1_142' title='bbox 705 3475 815 3531; x_wconf 86' lang='lat' dir='ltr'><strong>nemo</strong></span> <span class='ocrx_word' id='word_1_143' title='bbox 833 3465 993 3548; x_wconf 77' lang='lat' dir='ltr'><strong>onum,</strong></span> <span class='ocrx_word' id='word_1_144' title='bbox 1012 3465 1138 3556; x_wconf 85' lang='lat' dir='ltr'><strong>postea</strong></span> 
     </span>
     <span class='ocr_line' id='line_1_25' title="bbox 154 3579 1139 3680; baseline -0.002 -24"><span class='ocrx_word' id='word_1_145' title='bbox 154 3583 342 3678; x_wconf 79' lang='lat' dir='ltr'><strong>velante,</strong></span> <span class='ocrx_word' id='word_1_146' title='bbox 363 3609 401 3658; x_wconf 91' lang='lat' dir='ltr'><strong>se</strong></span> <span class='ocrx_word' id='word_1_147' title='bbox 419 3580 551 3658; x_wconf 88' lang='lat' dir='ltr'><strong>vidisse</strong></span> <span class='ocrx_word' id='word_1_148' title='bbox 578 3582 787 3656; x_wconf 88' lang='lat' dir='ltr'><strong>meminisse</strong></span> <span class='ocrx_word' id='word_1_149' title='bbox 813 3579 990 3680; x_wconf 87' lang='lat' dir='ltr'><strong>potnerit.</strong></span> <span class='ocrx_word' id='word_1_150' title='bbox 1022 3581 1071 3652; x_wconf 89' lang='lat' dir='ltr'><strong>Et</strong></span> <span class='ocrx_word' id='word_1_151' title='bbox 1091 3604 1139 3654; x_wconf 88' lang='lat' dir='ltr'><strong>ne</strong></span> 
     </span>
     <span class='ocr_line' id='line_1_26' title="bbox 151 3701 1135 3808; baseline -0.007 -25"><span class='ocrx_word' id='word_1_152' title='bbox 151 3731 222 3782; x_wconf 88' lang='lat' dir='ltr'><strong>sua</strong></span> <span class='ocrx_word' id='word_1_153' title='bbox 245 3709 433 3808; x_wconf 73' lang='lat' dir='ltr'><strong>premissa</strong></span> <span class='ocrx_word' id='word_1_154' title='bbox 453 3706 589 3805; x_wconf 75' lang='lat' dir='ltr'><strong>legatio</strong></span> <span class='ocrx_word' id='word_1_155' title='bbox 610 3730 735 3804; x_wconf 78' lang='lat' dir='ltr'><strong>regem</strong></span> <span class='ocrx_word' id='word_1_156' title='bbox 756 3701 977 3778; x_wconf 89' lang='lat' dir='ltr'><strong>Lotharium</strong></span> <span class='ocrx_word' id='word_1_157' title='bbox 1005 3701 1135 3796; x_wconf 86' lang='lat' dir='ltr'><strong>fallat,</strong></span> 
     </span>
     <span class='ocr_line' id='line_1_27' title="bbox 152 3827 1132 3932; baseline -0.006 -26"><span class='ocrx_word' id='word_1_158' title='bbox 152 3827 530 3932; x_wconf 84' lang='lat' dir='ltr'><strong>praeseriptaquidem</strong></span> <span class='ocrx_word' id='word_1_159' title='bbox 545 3827 619 3923; x_wconf 85' lang='lat' dir='ltr'><strong>dic,</strong></span> <span class='ocrx_word' id='word_1_160' title='bbox 632 3830 672 3904; x_wconf 93' lang='lat' dir='ltr'><strong>in</strong></span> <span class='ocrx_word' id='word_1_161' title='bbox 685 3851 843 3927; x_wconf 73' lang='lat' dir='ltr'><strong>regnum</strong></span> <span class='ocrx_word' id='word_1_162' title='bbox 857 3828 935 3927; x_wconf 86' lang='lat' dir='ltr'><strong>ejus</strong></span> <span class='ocrx_word' id='word_1_163' title='bbox 949 3829 1132 3926; x_wconf 87' lang='lat' dir='ltr'><strong>pervenit,</strong></span> 
     </span>
     <span class='ocr_line' id='line_1_28' title="bbox 152 3951 1136 4056; baseline -0.013 -25"><span class='ocrx_word' id='word_1_164' title='bbox 152 3957 416 4056; x_wconf 83' lang='lat' dir='ltr'><strong>prosperisque</strong></span> <span class='ocrx_word' id='word_1_165' title='bbox 443 3979 531 4028; x_wconf 86' lang='lat' dir='ltr'><strong>usus</strong></span> <span class='ocrx_word' id='word_1_166' title='bbox 557 3951 800 4046; x_wconf 87' lang='lat' dir='ltr'><strong>successibus,</strong></span> <span class='ocrx_word' id='word_1_167' title='bbox 821 3953 945 4051; x_wconf 89' lang='lat' dir='ltr'><strong>primo</strong></span> <span class='ocrx_word' id='word_1_168' title='bbox 971 3951 1136 4022; x_wconf 84' lang='lat' dir='ltr'><strong>Remen-</strong></span> 
     </span>
     <span class='ocr_line' id='line_1_29' title="bbox 149 4071 1136 4189; baseline -0.004 -37"><span class='ocrx_word' id='word_1_169' title='bbox 149 4081 274 4176; x_wconf 88' lang='lat' dir='ltr'><strong>sinm,</strong></span> <span class='ocrx_word' id='word_1_170' title='bbox 290 4077 428 4154; x_wconf 82' lang='lat' dir='ltr'><strong>deinde</strong></span> <span class='ocrx_word' id='word_1_171' title='bbox 438 4075 764 4171; x_wconf 87' lang='lat' dir='ltr'><strong>Laudunensinnr,</strong></span> <span class='ocrx_word' id='word_1_172' title='bbox 776 4073 841 4152; x_wconf 85' lang='lat' dir='ltr'><strong>sed</strong></span> <span class='ocrx_word' id='word_1_173' title='bbox 855 4087 892 4149; x_wconf 89' lang='lat' dir='ltr'><strong>et</strong></span> <span class='ocrx_word' id='word_1_174' title='bbox 904 4071 1136 4189; x_wconf 82' lang='lat' dir='ltr'><strong>suessionen·</strong></span> 
     </span>
    </p>
   </div>
   <div class='ocr_carea' id='block_1_3' title="bbox 0 0 1529 4968">
    <p class='ocr_par' dir='ltr' id='par_1_3' title="bbox 0 0 1529 4968">
     <span class='ocr_line' id='line_1_30' title="bbox 0 0 1529 4968; baseline 0 0"><span class='ocrx_word' id='word_1_175' title='bbox 0 0 1529 4968; x_wconf 95' lang='lat' dir='ltr'><strong> </strong></span> 
     </span>
    </p>
   </div>
  </div>
 </body>
</html>
