3044 4968
872 509 1140 522 -———

525 561 619 608 uuus
630 561 771 610 nmis.

467 793 628 973 (lico,
695 842 844 918 xcrr.

209 1120 251 1162 ὓΙ
264 1118 394 1162 Num!
404 1116 478 1169 QUAS
489 1115 643 1160 morus
660 1116 680 1158 Α
697 1115 847 1160 ΙΜΤΙΙῊΒ
864 1117 924 1158 wi!
937 1115 1095 1179 mmm·

159 1304 260 1420 Suo
287 1337 417 1414 eodem
438 1365 595 1440 namque
617 1353 802 1440 tempore,
821 1355 898 1418 erat
917 1345 974 1415 vir
986 1337 1152 1442 quidam

155 1461 535 1554 Johannesnomine,
556 1476 705 1562 potens,
730 1477 806 1535 tam
823 1466 1143 1540 cameracensium

157 1609 278 1684 quam
288 1583 616 1658 Vermandensium
626 1611 778 1685 genere,
788 1589 853 1686 qui
868 1585 1143 1686 maj0rdomatu

157 1709 301 1781 coeteris
314 1707 509 1808 praestabat
521 1709 562 1780 in
579 1708 672 1782 urbe
694 1709 764 1782 sub
786 1709 991 1809 pontificali
1011 1724 1143 1784 aucto-

156 1832 282 1904 ritate.
307 1827 379 1902 Sed
399 1855 475 1929 quo
495 1833 614 1931 major
638 1832 778 1904 caeteris
805 1845 916 1931 atque
939 1835 1141 1933 potentior,

158 1965 266 2025 tanto
279 1955 385 2052 pejor
398 1953 565 2053 pontifici
580 1966 691 2054 atquc
700 1953 868 2028 ferocior.
886 1958 1020 2048 Porro,
1035 1970 1080 2028 ut
1096 1953 1144 2028 dc

157 2072 314 2172 reliquis
324 2087 485 2166 taceam,
500 2077 558 2146 vir
572 2074 657 2166 Dei,
670 2074 806 2172 praesul
816 2075 1048 2167 venerabilis,
1059 2076 1146 2174 lapi-

160 2192 260 2266 dum
271 2199 518 2295 congestiones
530 2208 567 2268 et
581 2195 733 2288 calcem,
748 2219 900 2268 omnem
915 2219 1064 2296 quoque
1077 2223 1146 2270 ma·

159 2319 296 2392 teriam
309 2333 522 2418 paraverat,
537 2316 640 2392 unde
654 2315 842 2393 ecclesiam
856 2319 896 2390 B.
913 2319 983 2395 Dei
996 2321 1148 2417 genitri-

159 2442 220 2515 cis
257 2443 379 2515 Mariae
412 2440 639 2542 amplificare
674 2438 915 2541 disposuerat.
949 2441 1020 2518 Sed
1049 2445 1146 2518 inter

157 2563 373 2662 agendum,
396 2568 563 2663 exigente
584 2567 638 2640 rei
656 2567 887 2661 necessitate,
911 2565 961 2640 ad
980 2570 1145 2669 impera-

159 2701 284 2760 torem
296 2688 481 2790 profectus
500 2704 565 2762 est.
588 2689 662 2762 Ubi
682 2715 771 2764 vero
791 2689 884 2762 dum
906 2705 1143 2781 moraretur,

159 2813 316 2884 interim
331 2810 528 2912 predictus
536 2812 754 2888 castellanus
760 2814 855 2910 ipsas
863 2812 1070 2886 materiales
1077 2839 1146 2886 cu-

160 2935 363 3008 mnlossibi
370 2935 527 3011 convehi
534 2937 632 3030 fecit,
641 2950 678 3009 et
685 2934 790 3008 exhis
798 2935 953 3012 domum
961 2961 1147 3012 cumsum·

160 3083 232 3131 mo
244 3057 446 3132 aedificioin
454 3057 584 3132 eodem
596 3073 714 3132 castro
723 3058 888 3132 fundari.
902 3061 983 3134 Hoc
991 3061 1058 3134 ubi
1068 3061 1147 3136 iac·-

160 3199 254 3255 tum
263 3207 404 3257 reverso
417 3182 585 3285 pontifici
598 3185 813 3275 nuntiatur,
825 3171 937 3256 altini
950 3187 1144 3282 ingemuit,

166 3303 407 3408 divinamque
429 3308 662 3380 clementiam
689 3305 836 3376 diutina
853 3305 1146 3396 lamentatione,

161 3425 220 3502 ad
235 3426 477 3504 ulciscendam
497 3443 608 3503 tantae
631 3427 844 3502 temeritatis
866 3424 1059 3500 audaciam
1084 3455 1148 3503 ex-

160 3554 307 3628 citavit.
327 3555 402 3627 Nec
418 3553 538 3626 multo
551 3567 653 3654 post,
670 3563 795 3626 coacto
810 3551 947 3651 copiosi
971 3555 1147 3631 exercitus

157 3675 323 3766 auxilio,
357 3679 613 3752 exterminavit
640 3703 726 3750 eum
758 3675 805 3748 ab
835 3675 937 3749 urbis
966 3677 1142 3754 confinio.

158 3803 240 3893 Qui
266 3799 411 3899 fugiens
432 3805 630 3900 inpagum
647 3798 982 3894 vermandensem,
1004 3804 1044 3874 in
1065 3829 1147 3876 cas-

157 3937 267 3996 trum
281 3922 455 3998 videlicet
466 3927 581 3997 sancti
594 3923 785 4017 Quintini,
803 3925 928 3996 amicis
943 3921 1096 4020 quidem
1110 3937 1148 3995 et

157 4050 331 4148 cognatis
348 4045 648 4147 suffragantibus,
665 4045 734 4124 sub
750 4043 902 4122 elberto
923 4045 1057 4118 comite
1076 4045 1147 4120 ali-

934 4189 980 4240 10
