2906 4970
356 509 417 566 296
656 499 776 562 onnon.
795 515 874 562 carr.
895 517 938 561 nr
961 511 1038 560 ara.
1069 543 1072 548 -

356 677 407 752 ab
429 676 706 776 archiepiscopo
731 671 904 749 vi'delioet
926 675 1222 768 coloniensium,
1247 689 1280 747 et
1303 701 1321 748 a

354 801 403 872 D.
423 797 805 898 Gerardo-epiaoopo,
837 796 901 871 aed
930 787 967 870 et
995 823 1017 869 a
1043 796 1139 871 duee
1162 797 1321 871 Godefri-

356 921 406 995 do
425 921 538 994 simul'
557 921 711 994 oblatis?
728 924 803 994 Rex
825 911 1086 1018 imperatorem
1110 919 1246 994 donare
1261 945 1320 994 eu-

354 1047 486 1144 piens,
519 1043 753 1144 qtrar‘cunque
788 1045 912 1142 potuit
941 1067 1125 1136 munera,
1152 1058 1195 1119 ut
1219 1045 1321 1117 susci-

354 1183 458 1268 peret
475 1169 724 1266 praesentavit.
743 1169 816 1258 Qui
830 1159 1004 1238 o'mnibue
1022 1191 1109 1240 eum
1133 1169 1319 1266 gratiarum

356 1291 499 1362 actione
514 1291 690 1382 remissis,
706 1292 836 1389 utpote
850 1285 1068 1382 ditissimus,
1085 1285 1234 1362 dentem
1248 1303 1320 1360 tan-

357 1410 553 1483 tummodo
578 1411 614 1483 S.
646 1413 829 1486 Vincentii
856 1413 1048 1508 martyris,
1081 1433 1129 1484 ne
1160 1411 1320 1484 immunis

355 1533 562 1626 videretur,
579 1538 745 1607 retinuit.
762 1537 837 1608 Nec
849 1533 970 1608 solum
989 1548 1113 1606 autem
1136 1537 1321 1633 imperator

356 1681 480 1753 regem
496 1659 642 1756 putavit
662 1655 900 1750 donandum,
924 1681 1054 1762 rerum
1077 1660 1188 1730 etiam
1210 1649 1321 1729 omnes

274 1843 279 1850 .
357 1791 435 1850 tam
461 1777 668 1880 epitropos,
687 1780 812 1879 ,quam
840 1779 1008 1872 abbates,
1035 1777 1100 1852 sod
1123 1795 1160 1853 et
1182 1773 1322 1879 majores

357 1905 524 2002 quosque
539 1905 712 2002 pretiosis
733 1901 950 1976 muneribus
976 1899 1233 1994 accumulans,
1249 1899 1322 1972 nul·

357 2023 438 2096 lum
453 2027 549 2124 pene
562 2025 784 2098 indonatum
814 2023 977 2123 reliquit.
1001 2026 1223 2122 Quicunque
1248 2045 1320 2119 ergo

361 2145 451 2218 illuc
465 2145 713 2219 eonvenerant
731 2147 1006 2244 imperatoriam
1027 2144 1321 2243 magnificentiam

359 2271 563 2367 cognituri,
588 2271 712 2340 mirati
732 2266 899 2368 profecto
911 2291 995 2366 quae
1017 2265 1214 2372 uiderant,
1237 2265 1323 2338 dioe-

357 2389 450 2463 bant
463 2415 500 2462 se
517 2374 627 2488 plura
640 2389 771 2462 vidisse
790 2415 904 2488 qnam
926 2413 1056 2482 rumor
1078 2389 1215 2464 fuisset.
1242 2386 1321 2459 Nul-

357 2511 439 2586 lum
462 2515 563 2584 enim
588 2537 731 2610 regem,
760 2525 825 2586 aut
849 2517 1060 2606 Persarum,
1084 2525 1149 2584 ant
1173 2509 1320 2584 Arabum

357 2632 447 2708 huic
458 2633 623 2709 conferre
636 2635 801 2728 audebo,
821 2638 989 2735 quamvis
1003 2660 1063 2709 eos
1088 2637 1229 2710 eunetis
1246 2655 1323 2731 gen·

358 2757 475 2854 tibus,
492 2759 624 2859 opibus
641 2773 813 2860 praestare
826 2757 1005 2856 legissem.
1044 2761 1048 2767 ’

671 2992 835 3176 (ἴδῃ.
861 3043 1087 3149 xxxin.

360 3333 422 3375 rur.
444 3329 669 3374 rnorruracrron
682 3327 848 3372 vmuuuuu,
865 3303 941 3367 inme
960 3323 1063 3368 uerae.
1084 3311 1317 3364 ntosnnmtssss·

387 3413 497 3454 orum
509 3413 541 3453 m
562 3409 718 3452 nocuum
738 3411 776 3451 rr
796 3399 1051 3453 adornationem,
1068 3405 1106 3446 rr
1125 3396 1283 3448 nomam
1297 3391 1321 3434 ut

385 3491 560 3536 eunoun,
570 3489 733 3532 rrucoruu
741 3485 976 3528 caunacrneeu

363 3703 466 3814 lune
497 3739 608 3810 etiam
641 3717 843 3835 imperator
878 3733 1100 3835 procedens,
1130 3727 1319 3804 virdunum

362 3863 541 3963 perrexit,
560 3862 790 3934 nativitatem
806 3863 842 3932 S.
862 3860 988 3932 Mariae
1007 3857 1264 3942 celebraturus,
1280 3846 1321 3918 le·

363 3987 455 4083 gatis
468 3982 621 4084 quidem
635 3985 742 4082 regiis
756 4007 879 4058 recum
893 3979 1081 4074 deductio,
1101 3980 1165 4080 qui
1184 3973 1234 4050 ibi
1252 3991 1318 4045 res·
