<?xml version="1.0" encoding="UTF-8"?>
<!DOCTYPE html PUBLIC "-//W3C//DTD XHTML 1.0 Transitional//EN"
    "http://www.w3.org/TR/xhtml1/DTD/xhtml1-transitional.dtd">
<html xmlns="http://www.w3.org/1999/xhtml" xml:lang="en" lang="en">
 <head>
  <title>
</title>
<meta http-equiv="Content-Type" content="text/html;charset=utf-8" />
  <meta name='ocr-system' content='tesseract 3.04.00' />
  <meta name='ocr-capabilities' content='ocr_page ocr_carea ocr_par ocr_line ocrx_word'/>
</head>
<body>
  <div class='ocr_page' id='page_1' title='image "./chroniquedarras00glaygoog_0348.png"; bbox 0 0 2906 4970; ppageno 0'>
   <div class='ocr_carea' id='block_1_1' title="bbox 369 563 744 575">
    <p class='ocr_par' dir='ltr' id='par_1_1' title="bbox 369 563 744 575">
     <span class='ocr_line' id='line_1_1' title="bbox 369 563 744 575; baseline -0.013 2"><span class='ocrx_word' id='word_1_1' title='bbox 369 563 744 575; x_wconf 58' lang='lat' dir='ltr'><strong>t———m</strong></span> 
     </span>
    </p>
   </div>
   <div class='ocr_carea' id='block_1_2' title="bbox 373 609 1055 662">
    <p class='ocr_par' dir='ltr' id='par_1_2' title="bbox 373 609 1055 662">
     <span class='ocr_line' id='line_1_2' title="bbox 373 609 1055 662; baseline -0.007 -1"><span class='ocrx_word' id='word_1_2' title='bbox 373 609 431 662; x_wconf 74' lang='lat' dir='ltr'>ato</span> <span class='ocrx_word' id='word_1_3' title='bbox 658 613 776 658; x_wconf 68' lang='lat' dir='ltr'>emtori.</span> <span class='ocrx_word' id='word_1_4' title='bbox 798 612 876 660; x_wconf 67' lang='lat' dir='ltr'>call.</span> <span class='ocrx_word' id='word_1_5' title='bbox 905 613 947 657; x_wconf 68' lang='lat' dir='ltr'>mr</span> <span class='ocrx_word' id='word_1_6' title='bbox 977 611 1055 658; x_wconf 79' lang='lat' dir='ltr'>A&#39;rn.</span> 
     </span>
    </p>
   </div>
   <div class='ocr_carea' id='block_1_3' title="bbox 364 773 1337 2608">
    <p class='ocr_par' dir='ltr' id='par_1_3' title="bbox 364 773 1337 2608">
     <span class='ocr_line' id='line_1_3' title="bbox 364 773 1335 876; baseline -0.002 -26"><span class='ocrx_word' id='word_1_7' title='bbox 364 782 448 872; x_wconf 71' lang='lat' dir='ltr'>⁴nis,</span> <span class='ocrx_word' id='word_1_8' title='bbox 466 803 549 876; x_wconf 88' lang='lat' dir='ltr'>qnae</span> <span class='ocrx_word' id='word_1_9' title='bbox 565 775 923 868; x_wconf 83' lang='lat' dir='ltr'>Fontanasdicitur,</span> <span class='ocrx_word' id='word_1_10' title='bbox 946 789 984 847; x_wconf 88' lang='lat' dir='ltr'>et</span> <span class='ocrx_word' id='word_1_11' title='bbox 999 773 1166 847; x_wconf 88' lang='lat' dir='ltr'>alodium</span> <span class='ocrx_word' id='word_1_12' title='bbox 1192 777 1335 848; x_wconf 87' lang='lat' dir='ltr'>Gertm·</span> 
     </span>
     <span class='ocr_line' id='line_1_4' title="bbox 371 895 1334 997; baseline -0.004 -23"><span class='ocrx_word' id='word_1_13' title='bbox 371 900 427 974; x_wconf 86' lang='lat' dir='ltr'>dis</span> <span class='ocrx_word' id='word_1_14' title='bbox 444 899 603 972; x_wconf 85' lang='lat' dir='ltr'>addidit.</span> <span class='ocrx_word' id='word_1_15' title='bbox 621 899 756 972; x_wconf 80' lang='lat' dir='ltr'>Villam</span> <span class='ocrx_word' id='word_1_16' title='bbox 773 903 924 972; x_wconf 80' lang='lat' dir='ltr'>Poscant</span> <span class='ocrx_word' id='word_1_17' title='bbox 947 895 994 975; x_wconf 90' lang='lat' dir='ltr'>de</span> <span class='ocrx_word' id='word_1_18' title='bbox 1014 912 1212 997; x_wconf 85' lang='lat' dir='ltr'>parentum</span> <span class='ocrx_word' id='word_1_19' title='bbox 1230 897 1334 970; x_wconf 74' lang='lat' dir='ltr'>hare-</span> 
     </span>
     <span class='ocr_line' id='line_1_5' title="bbox 371 1011 1334 1122; baseline -0.008 -22.017"><span class='ocrx_word' id='word_1_20' title='bbox 371 1011 506 1115; x_wconf 84' lang='lat' dir='ltr'>ditate,</span> <span class='ocrx_word' id='word_1_21' title='bbox 525 1051 612 1097; x_wconf 89' lang='lat' dir='ltr'>cum</span> <span class='ocrx_word' id='word_1_22' title='bbox 634 1023 774 1096; x_wconf 85' lang='lat' dir='ltr'>familia</span> <span class='ocrx_word' id='word_1_23' title='bbox 794 1024 987 1120; x_wconf 83' lang='lat' dir='ltr'>utriusque</span> <span class='ocrx_word' id='word_1_24' title='bbox 1011 1047 1135 1110; x_wconf 85' lang='lat' dir='ltr'>sexus,</span> <span class='ocrx_word' id='word_1_25' title='bbox 1159 1020 1334 1122; x_wconf 80' lang='lat' dir='ltr'>stipendiis</span> 
     </span>
     <span class='ocr_line' id='line_1_6' title="bbox 370 1143 1335 1244; baseline -0.004 -24"><span class='ocrx_word' id='word_1_26' title='bbox 370 1144 587 1220; x_wconf 83' lang='lat' dir='ltr'>eorumdem</span> <span class='ocrx_word' id='word_1_27' title='bbox 604 1143 843 1218; x_wconf 73' lang='lat' dir='ltr'>contradidit.</span> <span class='ocrx_word' id='word_1_28' title='bbox 854 1147 969 1243; x_wconf 74' lang='lat' dir='ltr'>Cujus</span> <span class='ocrx_word' id='word_1_29' title='bbox 983 1169 1134 1218; x_wconf 87' lang='lat' dir='ltr'>censum</span> <span class='ocrx_word' id='word_1_30' title='bbox 1151 1146 1205 1217; x_wconf 87' lang='lat' dir='ltr'>ita</span> <span class='ocrx_word' id='word_1_31' title='bbox 1221 1143 1335 1244; x_wconf 84' lang='lat' dir='ltr'>biper-</span> 
     </span>
     <span class='ocr_line' id='line_1_7' title="bbox 371 1267 1335 1366; baseline -0.004 -24"><span class='ocrx_word' id='word_1_32' title='bbox 371 1273 473 1362; x_wconf 83' lang='lat' dir='ltr'>tivit,</span> <span class='ocrx_word' id='word_1_33' title='bbox 492 1283 535 1342; x_wconf 87' lang='lat' dir='ltr'>ut</span> <span class='ocrx_word' id='word_1_34' title='bbox 549 1272 589 1342; x_wconf 92' lang='lat' dir='ltr'>in</span> <span class='ocrx_word' id='word_1_35' title='bbox 607 1267 837 1342; x_wconf 81' lang='lat' dir='ltr'>dedicatione</span> <span class='ocrx_word' id='word_1_36' title='bbox 850 1267 1009 1342; x_wconf 84' lang='lat' dir='ltr'>ecclesiae</span> <span class='ocrx_word' id='word_1_37' title='bbox 1021 1267 1257 1341; x_wconf 80' lang='lat' dir='ltr'>medietatem</span> <span class='ocrx_word' id='word_1_38' title='bbox 1270 1270 1335 1366; x_wconf 77' lang='lat' dir='ltr'>ejus</span> 
     </span>
     <span class='ocr_line' id='line_1_8' title="bbox 370 1388 1334 1490; baseline -0.004 -27"><span class='ocrx_word' id='word_1_39' title='bbox 370 1396 624 1484; x_wconf 84' lang='lat' dir='ltr'>insumerent,</span> <span class='ocrx_word' id='word_1_40' title='bbox 662 1391 918 1490; x_wconf 84' lang='lat' dir='ltr'>reliquamque</span> <span class='ocrx_word' id='word_1_41' title='bbox 945 1393 986 1468; x_wconf 82' lang='lat' dir='ltr'>in</span> <span class='ocrx_word' id='word_1_42' title='bbox 1019 1388 1081 1462; x_wconf 90' lang='lat' dir='ltr'>die</span> <span class='ocrx_word' id='word_1_43' title='bbox 1107 1389 1334 1463; x_wconf 81' lang='lat' dir='ltr'>ordinationis</span> 
     </span>
     <span class='ocr_line' id='line_1_9' title="bbox 365 1511 1331 1616; baseline -0.009 -26"><span class='ocrx_word' id='word_1_44' title='bbox 365 1541 456 1608; x_wconf 85' lang='lat' dir='ltr'>suae,</span> <span class='ocrx_word' id='word_1_45' title='bbox 475 1513 600 1616; x_wconf 91' lang='lat' dir='ltr'>quoad</span> <span class='ocrx_word' id='word_1_46' title='bbox 621 1517 778 1606; x_wconf 82' lang='lat' dir='ltr'>viveret,</span> <span class='ocrx_word' id='word_1_47' title='bbox 802 1516 1054 1614; x_wconf 79' lang='lat' dir='ltr'>perciperent,</span> <span class='ocrx_word' id='word_1_48' title='bbox 1077 1511 1331 1613; x_wconf 80' lang='lat' dir='ltr'>eoquesaaculo</span> 
     </span>
     <span class='ocr_line' id='line_1_10' title="bbox 367 1635 1336 1738; baseline -0.007 -26"><span class='ocrx_word' id='word_1_49' title='bbox 367 1641 577 1731; x_wconf 85' lang='lat' dir='ltr'>subtracto,</span> <span class='ocrx_word' id='word_1_50' title='bbox 596 1637 811 1738; x_wconf 71' lang='lat' dir='ltr'>praedictam</span> <span class='ocrx_word' id='word_1_51' title='bbox 830 1635 1074 1715; x_wconf 85' lang='lat' dir='ltr'>ordinationis</span> <span class='ocrx_word' id='word_1_52' title='bbox 1091 1636 1190 1709; x_wconf 87' lang='lat' dir='ltr'>diem</span> <span class='ocrx_word' id='word_1_53' title='bbox 1214 1639 1253 1708; x_wconf 89' lang='lat' dir='ltr'>in</span> <span class='ocrx_word' id='word_1_54' title='bbox 1276 1659 1336 1707; x_wconf 81' lang='lat' dir='ltr'>an·</span> 
     </span>
     <span class='ocr_line' id='line_1_11' title="bbox 370 1759 1334 1836; baseline -0.004 -2"><span class='ocrx_word' id='word_1_55' title='bbox 370 1765 606 1836; x_wconf 84' lang='lat' dir='ltr'>niversariam</span> <span class='ocrx_word' id='word_1_56' title='bbox 626 1763 858 1834; x_wconf 88' lang='lat' dir='ltr'>transitussui</span> <span class='ocrx_word' id='word_1_57' title='bbox 867 1773 1150 1834; x_wconf 85' lang='lat' dir='ltr'>commutarent.</span> <span class='ocrx_word' id='word_1_58' title='bbox 1162 1759 1334 1834; x_wconf 79' lang='lat' dir='ltr'>Praedium</span> 
     </span>
     <span class='ocr_line' id='line_1_12' title="bbox 369 1884 1336 1984; baseline -0.002 -26"><span class='ocrx_word' id='word_1_59' title='bbox 369 1886 617 1978; x_wconf 87' lang='lat' dir='ltr'>Rollaincurt,</span> <span class='ocrx_word' id='word_1_60' title='bbox 641 1885 743 1984; x_wconf 85' lang='lat' dir='ltr'>quud</span> <span class='ocrx_word' id='word_1_61' title='bbox 760 1912 781 1957; x_wconf 93' lang='lat' dir='ltr'>a</span> <span class='ocrx_word' id='word_1_62' title='bbox 798 1884 1001 1983; x_wconf 79' lang='lat' dir='ltr'>llagnelino</span> <span class='ocrx_word' id='word_1_63' title='bbox 1021 1887 1180 1983; x_wconf 80' lang='lat' dir='ltr'>accepit,</span> <span class='ocrx_word' id='word_1_64' title='bbox 1204 1887 1336 1984; x_wconf 79' lang='lat' dir='ltr'>episcc-</span> 
     </span>
     <span class='ocr_line' id='line_1_13' title="bbox 369 2007 1335 2110; baseline -0.003 -29"><span class='ocrx_word' id='word_1_65' title='bbox 369 2013 434 2110; x_wconf 89' lang='lat' dir='ltr'>pio</span> <span class='ocrx_word' id='word_1_66' title='bbox 450 2009 631 2110; x_wconf 82' lang='lat' dir='ltr'>adjunxit.</span> <span class='ocrx_word' id='word_1_67' title='bbox 648 2015 814 2108; x_wconf 85' lang='lat' dir='ltr'>Itemque</span> <span class='ocrx_word' id='word_1_68' title='bbox 830 2007 933 2080; x_wconf 87' lang='lat' dir='ltr'>aliud</span> <span class='ocrx_word' id='word_1_69' title='bbox 952 2011 990 2079; x_wconf 91' lang='lat' dir='ltr'>in</span> <span class='ocrx_word' id='word_1_70' title='bbox 1006 2008 1190 2107; x_wconf 80' lang='lat' dir='ltr'>Bragbant</span> <span class='ocrx_word' id='word_1_71' title='bbox 1212 2007 1261 2082; x_wconf 88' lang='lat' dir='ltr'>ad</span> <span class='ocrx_word' id='word_1_72' title='bbox 1276 2009 1335 2079; x_wconf 84' lang='lat' dir='ltr'>lla·</span> 
     </span>
     <span class='ocr_line' id='line_1_14' title="bbox 369 2133 1335 2232; baseline -0.004 -26"><span class='ocrx_word' id='word_1_73' title='bbox 369 2133 478 2206; x_wconf 83' lang='lat' dir='ltr'>donis</span> <span class='ocrx_word' id='word_1_74' title='bbox 498 2158 659 2208; x_wconf 85' lang='lat' dir='ltr'>crucem.</span> <span class='ocrx_word' id='word_1_75' title='bbox 680 2135 859 2226; x_wconf 86' lang='lat' dir='ltr'>&#39;Quartam</span> <span class='ocrx_word' id='word_1_76' title='bbox 878 2157 1028 2232; x_wconf 88' lang='lat' dir='ltr'>quoquc</span> <span class='ocrx_word' id='word_1_77' title='bbox 1048 2147 1193 2231; x_wconf 85' lang='lat' dir='ltr'>partem</span> <span class='ocrx_word' id='word_1_78' title='bbox 1215 2137 1335 2204; x_wconf 80' lang='lat' dir='ltr'>Ferro-</span> 
     </span>
     <span class='ocr_line' id='line_1_15' title="bbox 371 2255 1337 2356; baseline -0.005 -27"><span class='ocrx_word' id='word_1_79' title='bbox 371 2259 491 2330; x_wconf 87' lang='lat' dir='ltr'>nensis</span> <span class='ocrx_word' id='word_1_80' title='bbox 507 2257 603 2350; x_wconf 85' lang='lat' dir='ltr'>fisci,</span> <span class='ocrx_word' id='word_1_81' title='bbox 619 2283 731 2356; x_wconf 86' lang='lat' dir='ltr'>qnam</span> <span class='ocrx_word' id='word_1_82' title='bbox 749 2283 771 2328; x_wconf 82' lang='lat' dir='ltr'>a</span> <span class='ocrx_word' id='word_1_83' title='bbox 788 2255 1337 2355; x_wconf 79' lang='lat' dir='ltr'>quatuoringeauishominibus</span> 
     </span>
     <span class='ocr_line' id='line_1_16' title="bbox 370 2375 1335 2480; baseline -0.007 -26"><span class='ocrx_word' id='word_1_84' title='bbox 370 2379 594 2480; x_wconf 85' lang='lat' dir='ltr'>adquisivit,</span> <span class='ocrx_word' id='word_1_85' title='bbox 619 2380 796 2452; x_wconf 86' lang='lat' dir='ltr'>Rotherta</span> <span class='ocrx_word' id='word_1_86' title='bbox 818 2379 979 2472; x_wconf 87' lang='lat' dir='ltr'>scilicet,</span> <span class='ocrx_word' id='word_1_87' title='bbox 1009 2394 1120 2479; x_wconf 88' lang='lat' dir='ltr'>atque</span> <span class='ocrx_word' id='word_1_88' title='bbox 1146 2375 1335 2466; x_wconf 87' lang='lat' dir='ltr'>Hubaldo,</span> 
     </span>
     <span class='ocr_line' id='line_1_17' title="bbox 371 2501 1334 2608; baseline -0.007 -33"><span class='ocrx_word' id='word_1_89' title='bbox 371 2503 563 2608; x_wconf 78' lang='lat' dir='ltr'>Athelino,</span> <span class='ocrx_word' id='word_1_90' title='bbox 586 2505 723 2596; x_wconf 76' lang='lat' dir='ltr'>suevo,</span> <span class='ocrx_word' id='word_1_91' title='bbox 750 2527 884 2576; x_wconf 86' lang='lat' dir='ltr'>mensae</span> <span class='ocrx_word' id='word_1_92' title='bbox 906 2504 1067 2602; x_wconf 87' lang='lat' dir='ltr'>episcopi</span> <span class='ocrx_word' id='word_1_93' title='bbox 1085 2501 1133 2574; x_wconf 90' lang='lat' dir='ltr'>ad</span> <span class='ocrx_word' id='word_1_94' title='bbox 1149 2501 1334 2574; x_wconf 87' lang='lat' dir='ltr'>Castellum</span> 
     </span>
    </p>
   </div>
   <div class='ocr_carea' id='block_1_4' title="bbox 255 2623 1335 2726">
    <p class='ocr_par' dir='ltr' id='par_1_4' title="bbox 255 2623 1335 2726">
     <span class='ocr_line' id='line_1_18' title="bbox 255 2623 1335 2726; baseline -0.009 -25"><span class='ocrx_word' id='word_1_95' title='bbox 255 2678 260 2682; x_wconf 94' lang='lat'>-</span> <span class='ocrx_word' id='word_1_96' title='bbox 370 2630 406 2700; x_wconf 89' lang='lat' dir='ltr'>S.</span> <span class='ocrx_word' id='word_1_97' title='bbox 427 2629 571 2720; x_wconf 86' lang='lat' dir='ltr'>Mariae,</span> <span class='ocrx_word' id='word_1_98' title='bbox 589 2629 650 2700; x_wconf 89' lang='lat' dir='ltr'>cui</span> <span class='ocrx_word' id='word_1_99' title='bbox 664 2623 1335 2726; x_wconf 76' lang='lat' dir='ltr'>circumjacet,destinavit.S.Andreae</span> 
     </span>
    </p>
   </div>
   <div class='ocr_carea' id='block_1_5' title="bbox 370 2748 1337 3834">
    <p class='ocr_par' dir='ltr' id='par_1_5' title="bbox 370 2748 1337 3834">
     <span class='ocr_line' id='line_1_19' title="bbox 371 2748 1337 2842; baseline -0.004 -20"><span class='ocrx_word' id='word_1_100' title='bbox 371 2753 575 2824; x_wconf 89' lang='lat' dir='ltr'>oratorium</span> <span class='ocrx_word' id='word_1_101' title='bbox 602 2749 696 2822; x_wconf 93' lang='lat' dir='ltr'>inibi</span> <span class='ocrx_word' id='word_1_102' title='bbox 716 2777 738 2822; x_wconf 91' lang='lat' dir='ltr'>a</span> <span class='ocrx_word' id='word_1_103' title='bbox 761 2748 1005 2821; x_wconf 83' lang='lat' dir='ltr'>fundamento</span> <span class='ocrx_word' id='word_1_104' title='bbox 1030 2751 1250 2842; x_wconf 86' lang='lat' dir='ltr'>construxit,</span> <span class='ocrx_word' id='word_1_105' title='bbox 1272 2763 1337 2818; x_wconf 84' lang='lat' dir='ltr'>ter-</span> 
     </span>
     <span class='ocr_line' id='line_1_20' title="bbox 371 2867 1336 2976; baseline -0.006 -30"><span class='ocrx_word' id='word_1_106' title='bbox 371 2877 539 2974; x_wconf 58' lang='lat' dir='ltr'>tiamque,</span> <span class='ocrx_word' id='word_1_107' title='bbox 563 2887 705 2974; x_wconf 86' lang='lat' dir='ltr'>partem</span> <span class='ocrx_word' id='word_1_108' title='bbox 736 2887 877 2976; x_wconf 86' lang='lat' dir='ltr'>quartae</span> <span class='ocrx_word' id='word_1_109' title='bbox 905 2875 1019 2974; x_wconf 89' lang='lat' dir='ltr'>partis</span> <span class='ocrx_word' id='word_1_110' title='bbox 1045 2871 1246 2974; x_wconf 86' lang='lat' dir='ltr'>supradicti</span> <span class='ocrx_word' id='word_1_111' title='bbox 1270 2867 1336 2943; x_wconf 84' lang='lat' dir='ltr'>fisci</span> 
     </span>
     <span class='ocr_line' id='line_1_21' title="bbox 371 2979 1335 3096; baseline -0.007 -26"><span class='ocrx_word' id='word_1_112' title='bbox 371 2998 529 3070; x_wconf 87' lang='lat' dir='ltr'>contulit</span> <span class='ocrx_word' id='word_1_113' title='bbox 545 2999 819 3096; x_wconf 75' lang='lat' dir='ltr'>congregationi</span> <span class='ocrx_word' id='word_1_114' title='bbox 836 2979 1128 3089; x_wconf 82' lang='lat' dir='ltr'>monachorum,</span> <span class='ocrx_word' id='word_1_115' title='bbox 1153 3021 1265 3096; x_wconf 84' lang='lat' dir='ltr'>quam</span> <span class='ocrx_word' id='word_1_116' title='bbox 1284 2995 1335 3094; x_wconf 88' lang='lat' dir='ltr'>pia</span> 
     </span>
     <span class='ocr_line' id='line_1_22' title="bbox 370 3117 1336 3220; baseline -0.003 -28"><span class='ocrx_word' id='word_1_117' title='bbox 370 3121 618 3194; x_wconf 85' lang='lat' dir='ltr'>sollicitudine</span> <span class='ocrx_word' id='word_1_118' title='bbox 633 3121 723 3195; x_wconf 85' lang='lat' dir='ltr'>fovit</span> <span class='ocrx_word' id='word_1_119' title='bbox 740 3119 909 3220; x_wconf 88' lang='lat' dir='ltr'>quandiu</span> <span class='ocrx_word' id='word_1_120' title='bbox 923 3123 1025 3194; x_wconf 83' lang='lat' dir='ltr'>vixit.</span> <span class='ocrx_word' id='word_1_121' title='bbox 1044 3117 1336 3193; x_wconf 81' lang='lat' dir='ltr'>Alediurrrl&#39;beo-</span> 
     </span>
     <span class='ocr_line' id='line_1_23' title="bbox 370 3235 1335 3344; baseline -0.006 -30"><span class='ocrx_word' id='word_1_122' title='bbox 370 3241 483 3316; x_wconf 87' lang='lat' dir='ltr'>derici</span> <span class='ocrx_word' id='word_1_123' title='bbox 501 3246 653 3338; x_wconf 83' lang='lat' dir='ltr'>mamis,</span> <span class='ocrx_word' id='word_1_124' title='bbox 670 3241 772 3344; x_wconf 92' lang='lat' dir='ltr'>quod</span> <span class='ocrx_word' id='word_1_125' title='bbox 789 3239 1002 3316; x_wconf 88' lang='lat' dir='ltr'>Heruardus</span> <span class='ocrx_word' id='word_1_126' title='bbox 1024 3241 1145 3338; x_wconf 85' lang='lat' dir='ltr'>miles,</span> <span class='ocrx_word' id='word_1_127' title='bbox 1173 3257 1210 3316; x_wconf 91' lang='lat' dir='ltr'>et</span> <span class='ocrx_word' id='word_1_128' title='bbox 1232 3235 1335 3312; x_wconf 85' lang='lat' dir='ltr'>Fulco</span> 
     </span>
     <span class='ocr_line' id='line_1_24' title="bbox 372 3366 1337 3467; baseline -0.008 -27"><span class='ocrx_word' id='word_1_129' title='bbox 372 3393 485 3467; x_wconf 88' lang='lat' dir='ltr'>nepos</span> <span class='ocrx_word' id='word_1_130' title='bbox 499 3371 577 3467; x_wconf 86' lang='lat' dir='ltr'>ejus</span> <span class='ocrx_word' id='word_1_131' title='bbox 599 3367 887 3460; x_wconf 77' lang='lat' dir='ltr'>haereditabant,</span> <span class='ocrx_word' id='word_1_132' title='bbox 914 3369 963 3439; x_wconf 89' lang='lat' dir='ltr'>eis</span> <span class='ocrx_word' id='word_1_133' title='bbox 987 3366 1337 3453; x_wconf 62' lang='lat' dir='ltr'>crannovaldus</span> 
     </span>
     <span class='ocr_line' id='line_1_25' title="bbox 372 3482 1335 3588; baseline -0.009 -25"><span class='ocrx_word' id='word_1_134' title='bbox 372 3493 570 3563; x_wconf 86' lang='lat' dir='ltr'>Watineias</span> <span class='ocrx_word' id='word_1_135' title='bbox 587 3517 699 3588; x_wconf 87' lang='lat' dir='ltr'>quam</span> <span class='ocrx_word' id='word_1_136' title='bbox 715 3489 761 3562; x_wconf 88' lang='lat' dir='ltr'>de</span> <span class='ocrx_word' id='word_1_137' title='bbox 775 3515 842 3562; x_wconf 89' lang='lat' dir='ltr'>suo</span> <span class='ocrx_word' id='word_1_138' title='bbox 855 3492 940 3588; x_wconf 87' lang='lat' dir='ltr'>jure</span> <span class='ocrx_word' id='word_1_139' title='bbox 955 3487 1172 3560; x_wconf 84' lang='lat' dir='ltr'>Hernardus</span> <span class='ocrx_word' id='word_1_140' title='bbox 1181 3491 1257 3587; x_wconf 83' lang='lat' dir='ltr'>jam</span> <span class='ocrx_word' id='word_1_141' title='bbox 1272 3482 1335 3556; x_wconf 87' lang='lat' dir='ltr'>die·</span> 
     </span>
     <span class='ocr_line' id='line_1_26' title="bbox 372 3585 1337 3714; baseline -0.006 -32"><span class='ocrx_word' id='word_1_142' title='bbox 372 3625 429 3683; x_wconf 86' lang='lat' dir='ltr'>tus</span> <span class='ocrx_word' id='word_1_143' title='bbox 443 3611 670 3712; x_wconf 87' lang='lat' dir='ltr'>possederat,</span> <span class='ocrx_word' id='word_1_144' title='bbox 686 3625 722 3684; x_wconf 85' lang='lat' dir='ltr'>el</span> <span class='ocrx_word' id='word_1_145' title='bbox 736 3609 915 3714; x_wconf 87' lang='lat' dir='ltr'>quicquid</span> <span class='ocrx_word' id='word_1_146' title='bbox 929 3613 969 3682; x_wconf 93' lang='lat' dir='ltr'>in</span> <span class='ocrx_word' id='word_1_147' title='bbox 985 3613 1136 3704; x_wconf 89' lang='lat' dir='ltr'>Briast0,</span> <span class='ocrx_word' id='word_1_148' title='bbox 1146 3585 1337 3684; x_wconf 83' lang='lat' dir='ltr'>Fulcuinus</span> 
     </span>
     <span class='ocr_line' id='line_1_27' title="bbox 373 3719 1337 3834; baseline -0.009 -26"><span class='ocrx_word' id='word_1_149' title='bbox 373 3749 483 3834; x_wconf 87' lang='lat' dir='ltr'>atque</span> <span class='ocrx_word' id='word_1_150' title='bbox 498 3738 632 3818; x_wconf 80' lang='lat' dir='ltr'>Resino</span> <span class='ocrx_word' id='word_1_151' title='bbox 648 3734 785 3830; x_wconf 85' lang='lat' dir='ltr'>habere</span> <span class='ocrx_word' id='word_1_152' title='bbox 798 3719 1035 3814; x_wconf 73' lang='lat' dir='ltr'>ridebantur.</span> <span class='ocrx_word' id='word_1_153' title='bbox 1059 3735 1266 3834; x_wconf 86' lang='lat' dir='ltr'>Villamque</span> <span class='ocrx_word' id='word_1_154' title='bbox 1284 3733 1337 3800; x_wconf 90' lang='lat' dir='ltr'>in-</span> 
     </span>
    </p>
   </div>
   <div class='ocr_carea' id='block_1_6' title="bbox 255 3857 1336 3960">
    <p class='ocr_par' dir='ltr' id='par_1_6' title="bbox 255 3857 1336 3960">
     <span class='ocr_line' id='line_1_28' title="bbox 255 3857 1336 3960; baseline -0.008 -28"><span class='ocrx_word' id='word_1_155' title='bbox 255 3879 271 3892; x_wconf 82' lang='grc'><strong><em>’</em></strong></span> <span class='ocrx_word' id='word_1_156' title='bbox 371 3885 502 3960; x_wconf 85' lang='lat' dir='ltr'>super,</span> <span class='ocrx_word' id='word_1_157' title='bbox 519 3885 602 3959; x_wconf 82' lang='lat' dir='ltr'>quae</span> <span class='ocrx_word' id='word_1_158' title='bbox 617 3863 801 3932; x_wconf 84' lang='lat' dir='ltr'>Fontanas</span> <span class='ocrx_word' id='word_1_159' title='bbox 815 3857 972 3952; x_wconf 89' lang='lat' dir='ltr'>dicitur,</span> <span class='ocrx_word' id='word_1_160' title='bbox 989 3874 1025 3932; x_wconf 87' lang='lat' dir='ltr'>et</span> <span class='ocrx_word' id='word_1_161' title='bbox 1043 3861 1081 3930; x_wconf 91' lang='lat' dir='ltr'>in</span> <span class='ocrx_word' id='word_1_162' title='bbox 1103 3863 1246 3930; x_wconf 86' lang='lat' dir='ltr'>Petrosa</span> <span class='ocrx_word' id='word_1_163' title='bbox 1271 3871 1336 3926; x_wconf 84' lang='lat' dir='ltr'>ter-</span> 
     </span>
    </p>
   </div>
   <div class='ocr_carea' id='block_1_7' title="bbox 372 3973 1337 4205">
    <p class='ocr_par' dir='ltr' id='par_1_7' title="bbox 372 3973 1337 4205">
     <span class='ocr_line' id='line_1_29' title="bbox 372 3973 1337 4084; baseline -0.008 -30"><span class='ocrx_word' id='word_1_164' title='bbox 372 3985 458 4054; x_wconf 84' lang='lat' dir='ltr'>tiam</span> <span class='ocrx_word' id='word_1_165' title='bbox 477 3997 617 4084; x_wconf 88' lang='lat' dir='ltr'>partem</span> <span class='ocrx_word' id='word_1_166' title='bbox 636 4009 721 4055; x_wconf 89' lang='lat' dir='ltr'>cum</span> <span class='ocrx_word' id='word_1_167' title='bbox 740 3981 910 4076; x_wconf 83' lang='lat' dir='ltr'>eeclesia,</span> <span class='ocrx_word' id='word_1_168' title='bbox 929 3981 1187 4084; x_wconf 82' lang='lat' dir='ltr'>praediumque</span> <span class='ocrx_word' id='word_1_169' title='bbox 1209 3981 1245 4051; x_wconf 89' lang='lat' dir='ltr'>in</span> <span class='ocrx_word' id='word_1_170' title='bbox 1264 3973 1337 4052; x_wconf 82' lang='lat' dir='ltr'>Sol-</span> 
     </span>
     <span class='ocr_line' id='line_1_30' title="bbox 373 4103 1335 4205; baseline -0.003 -31"><span class='ocrx_word' id='word_1_171' title='bbox 373 4130 459 4176; x_wconf 91' lang='lat' dir='ltr'>man</span> <span class='ocrx_word' id='word_1_172' title='bbox 477 4133 497 4176; x_wconf 87' lang='lat' dir='ltr'>a</span> <span class='ocrx_word' id='word_1_173' title='bbox 513 4104 646 4203; x_wconf 77' lang='lat' dir='ltr'>Fagala</span> <span class='ocrx_word' id='word_1_174' title='bbox 660 4103 1053 4205; x_wconf 82' lang='lat' dir='ltr'>acceptum,aliudque</span> <span class='ocrx_word' id='word_1_175' title='bbox 1066 4107 1335 4186; x_wconf 83' lang='lat' dir='ltr'>inBermsreuc,</span> 
     </span>
    </p>
   </div>
   <div class='ocr_carea' id='block_1_8' title="bbox 0 0 1466 4964">
    <p class='ocr_par' dir='ltr' id='par_1_8' title="bbox 0 0 1466 4964">
     <span class='ocr_line' id='line_1_31' title="bbox 0 0 1466 4964; baseline 0 0"><span class='ocrx_word' id='word_1_176' title='bbox 0 0 1466 4964; x_wconf 95' lang='lat' dir='ltr'> </span> 
     </span>
    </p>
   </div>
  </div>
 </body>
</html>
