2906 4970
126 743 177 812 xit
194 742 393 840 antiquitas
415 739 577 831 staden,
608 743 673 839 qui
708 755 841 841 quarto
858 741 1031 814 milliario
1054 743 1102 815 ab

126 863 218 939 urbe
234 863 388 954 secedit,
406 877 534 962 aperta
554 879 670 956 terra,
687 867 793 962 juxta
812 879 940 936 votum
962 865 1104 964 lapides

125 986 357 1061 columnares
383 989 538 1060 invenit.
569 989 645 1060 Nec
670 986 885 1077 solumibi‚
909 985 1102 1061 sedetiam

123 1112 300 1208 propius,
315 1111 356 1183 iu
371 1109 459 1184 villa
471 1108 643 1182 videlieet
660 1109 801 1207 Nigella
818 1107 980 1201 fodiens,
998 1109 1102 1184 aliud

122 1258 240 1330 genus
264 1232 449 1314 bonorum
472 1231 642 1333 lapidum
668 1247 706 1304 se
742 1235 914 1332 reperisse
941 1233 1102 1306 laetatur.

122 1353 234 1428 Unde
254 1356 335 1428 Deo
357 1359 491 1454 gratias
510 1354 687 1448 reddens,
713 1347 832 1428 totum
850 1381 886 1428 se
907 1355 1031 1430 studio
1052 1362 1105 1457 pii

123 1477 264 1552 laboris
290 1481 462 1570 accinxit,
488 1503 530 1552 ac
550 1505 596 1552 ue
616 1479 776 1579 amplius
797 1479 987 1574 demorer,
1010 1507 1103 1581 ope-

121 1617 231 1676 rante
247 1601 374 1675 divina
388 1602 656 1696 misericordia,
673 1629 766 1702 opus
782 1607 1004 1679 immensum
1022 1589 1118 1704 scp-v

123 1729 273 1818 tennis,
297 1750 397 1801 anuo
417 1725 589 1800 videlicet
608 1728 813 1800 Dominicae
838 1730 1102 1802 incarnationis

123 1875 153 1922 ι.
166 1872 257 1924 xxx.
273 1847 438 1922 reddidit
451 1863 762 1924 consummatum.
778 1851 871 1920 Exin
883 1873 985 1942 vore,
1000 1849 1103 1948 qued

123 1996 350 2072 consequens
377 1985 474 2063 erat,
506 1985 619 2072 prout
645 1968 789 2059 decuit,
816 1968 963 2042 decimo
994 1973 1105 2070 quin-

122 2111 175 2167 to'
190 2093 368 2168 kalendas
397 2094 608 2170 novembris
631 2094 861 2177 solemniter,
890 2107 946 2183 et,
982 2107 1025 2164 ut
1051 2096 1103 2164 ita

122 2217 275 2312 dicam,
306 2217 505 2316 plusquam
532 2215 744 2288 solemniter
778 2213 975 2287 dedicavit.
1011 2217 1100 2308 Quis

120 2345 223 2416 enim
240 2356 351 2416 tantae
366 2341 495 2440 gloriae
518 2365 696 2440 pompam
719 2338 831 2436 digne
850 2338 982 2412 sufficit
1003 2363 1102 2413 enar·

118 2479 239 2559 rare,⁴
253 2480 320 2540 aut
350 2468 433 2566 quis
459 2463 706 2538 dicacissimus
736 2462 936 2566 verborum
957 2463 1101 2536 ambitu

120 2605 264 2665 tantam
292 2589 510 2689 dignitatem
539 2591 676 2688 poterit
704 2587 909 2662 cohibere?
939 2589 1006 2662 ubi
1041 2592 1100 2662 vi-

119 2713 255 2788 delieet
284 2729 496 2818 sauctorum
527 2739 683 2813 corpora
715 2725 850 2784 nostrae
881 2711 1099 2803 dioeceseos,

118 2863 208 2912 cum
224 2835 331 2936 plebe
346 2853 382 2910 et
395 2837 493 2910 clero
506 2839 546 2910 in
561 2861 681 2908 unum
696 2848 928 2933 congregata,
937 2833 1003 2906 ubi
1011 2833 1099 2906 cho-

117 2987 179 3036 ros
212 2975 287 3034 tam
315 2959 610 3053 monachorum,
632 2969 745 3059 quarn
772 2973 809 3031 et
835 2960 1103 3032 canonicorum*

117 3087 336 3160 catervatim
361 3086 592 3176 commixtos,
621 3082 687 3155 ubi
719 3084 831 3154 etiam
855 3107 931 3154 non
954 3095 1099 3153 tantum

118 3208 416 3282 urbeminterius
427 3231 576 3300 ‚rernm
590 3221 627 3278 et
639 3228 788 3304 campos
796 3207 952 3276 exterius
965 3207 1099 3302 passim

116 3333 314 3430 utriusque
341 3345 443 3404 sexus
464 3317 705 3400 multitudine
729 3339 922 3425 pernatare
941 3324 1095 3397 rideres.

116 3453 317 3549 Quomodo
334 3468 457 3526 autem
475 3465 685 3524 sauctorum
702 3474 856 3548 corpora
874 3449 970 3520 circa
985 3447 1098 3520 altare

115 3580 162 3651 D.
186 3579 379 3678 episeopus
394 3574 609 3666 ordinasset,
623 3597 776 3646 summae
790 3571 935 3672 pietatis
951 3583 1002 3644 est
1017 3599 1097 3646 me-

118 3728 288 3794 morare,
306 3728 348 3774 ae
364 3704 433 3802 piis
450 3697 682 3773 auditoribus
696 3697 866 3770 salutare.
885 3699 969 3800 Ipse
990 3724 1101 3772 nam-

118 3853 213 3926 que,
233 3827 444 3924 pariterque
459 3821 571 3896 abbas
587 3817 812 3913 aichardus,
830 3819 940 3893 ambo
960 3820 1098 3892 videli-

118 3963 175 4023 cet
190 3949 417 4040 secmentati,
436 3945 686 4018 beatissimum
698 3943 1097 4042 Gangericum,utp0te

118 4073 336 4172 pontificem
350 4096 553 4164 summum,
568 4083 604 4146 et
620 4086 752 4146 sanctae
767 4064 1008 4142 dedicationis
1024 4089 1097 4136 ma·
