2902 4972
434 571 478 616 an
506 571 626 618 onnon.
652 571 744 618 aisn.
1027 563 1085 618 585

104 730 390 830 perpendentes,
406 733 591 836 simulque
607 735 687 832 ejus
701 732 900 806 calamitati
922 757 1085 832 compa-

108 854 247 945 tientes,
263 855 448 953 prolatam
467 879 603 953 aquam
626 856 790 955 reliqniis
804 854 1008 928 SAndreae
1022 881 1085 929 re-

106 989 274 1047 verenter
293 977 539 1072 signavimus,
558 989 595 1048 et
610 974 829 1048 sumendam
844 978 899 1046 ori
914 980 992 1074 ejus
1012 977 1084 1050 ob-

106 1099 272 1172 tulimus.
291 1099 359 1172 llla
376 1126 482 1193 vero,
501 1103 589 1176 acsi
607 1101 839 1178 mortiferum
857 1100 950 1200 quid
967 1101 1085 1176 abho-

105 1245 212 1312 rens,
229 1235 411 1320 quantum
430 1225 552 1321 potuit
572 1248 593 1294 a
613 1248 650 1295 se
669 1221 907 1320 indignanter
931 1223 1082 1322 repulit.

103 1343 177 1416 Sed
199 1343 382 1416 adstantes
407 1347 586 1444 supinatae
610 1348 718 1444 eique
742 1344 869 1418 dentes
888 1346 1084 1444 stringenti

103 1466 286 1536 instanter
308 1468 363 1536 ori
391 1469 468 1565 ejus
493 1466 690 1540 infundere
718 1481 933 1566 coeperunt,
966 1463 1085 1544 donec

105 1585 186 1684 ipsa
199 1584 404 1658 anhelitum
420 1586 629 1680 retrahens,
649 1587 924 1686 aliquantulum
945 1613 988 1660 ex
1007 1591 1086 1690 ipsa

104 1731 203 1805 aqua
229 1710 432 1806 perciperet
458 1712 497 1780 in
525 1723 675 1808 gutture
697 1735 739 1782 ac
759 1708 970 1807 deglutiret.
1001 1713 1084 1803 Quo

104 1827 200 1902 facto
213 1804 378 1902 cerneres
394 1833 432 1902 in
447 1844 637 1904 momento
652 1833 746 1904 sicut
766 1833 890 1930 ignem
917 1835 1083 1932 extingui

104 1975 220 2050 aqua,
237 1963 357 2024 totum
388 1951 554 2026 furorem
586 1956 665 2052 ejus
691 1953 846 2026 omnino
875 1955 1085 2050 mitigatum

106 2071 349 2166 deferbuisse,
366 2089 403 2146 et
420 2077 538 2173 ipsam
553 2075 655 2148 velut
672 2075 825 2149 alteram
845 2074 1028 2167 effectam,
1051 2089 1087 2148 et

102 2195 178 2293 jam
204 2196 464 2287 immutatam,
482 2195 559 2268 leni
579 2195 705 2287 vultu,
726 2191 874 2268 blandis
887 2195 1005 2269 oculis
1020 2219 1087 2269 nos

106 2319 381 2416 respicientem,
415 2331 452 2390 et
484 2317 586 2390 lenta
617 2341 707 2392 voce
739 2317 969 2416 loquentem.
1006 2321 1088 2394 Por·

106 2463 147 2511 ro
173 2465 261 2530 nos,
283 2465 370 2512 eum
393 2442 654 2514 circumstante
681 2439 808 2539 plebe,
835 2464 941 2514 voces
966 2439 1087 2513 laudis

107 2563 310 2654 emittente,
329 2587 398 2634 nec
413 2561 635 2654 alaudibus,
654 2587 723 2636 nec
739 2587 762 2634 a
777 2559 964 2636 lachrimis
981 2588 1086 2638 cessa·

107 2707 144 2756 re
161 2699 388 2782 poteramus.
403 2687 549 2785 Quippe
565 2688 631 2784 qui
644 2684 810 2760 divinam
822 2687 978 2784 gratiam
992 2711 1087 2786 proe·

107 2820 246 2878 sentem
278 2806 331 2878 ibi
362 2810 498 2880 meritis
529 2811 566 2880 S.
599 2808 764 2906 Apostoli
790 2821 980 2908 operatam
1008 2831 1085 2884 esse

107 2909 336 3002 videbamus.
353 2933 524 3004 Protinus
537 2931 601 3004 illa
614 2932 734 3006 soluta
747 2959 769 3006 a
783 2932 958 3025 vinculis,
980 2934 1088 3031 erigit

107 3073 161 3144 se,
180 3066 218 3124 et
234 3067 402 3150 quassata
418 3057 585 3130 membra
605 3069 829 3148 sustentans,
856 3053 1086 3156 pedetentim

108 3197 248 3268 gressus
266 3199 413 3248 movere
428 3180 562 3276 coepit,
586 3176 774 3250 admirans
796 3175 899 3248 unde
922 3176 997 3250 huc
1020 3203 1087 3250 ve-

109 3298 224 3389 nerit,
248 3297 307 3370 vel
330 3302 413 3398 quis
433 3325 515 3372 eam
535 3297 582 3370 de
602 3298 671 3370 sub
695 3299 827 3370 arbore
845 3297 996 3388 tulerit,
1022 3313 1087 3370 aut

109 3417 299 3514 qiromodo
312 3445 451 3518 cappa,
470 3417 518 3492 de
543 3443 619 3516 qua
641 3441 754 3515 supra
778 3415 959 3508 diximus,
981 3431 1088 3491 exuta

108 3537 230 3612 fuerit.
258 3539 329 3614 Sed
340 3540 387 3614 ab
402 3544 443 3614 iis
458 3543 523 3639 qui
537 3537 711 3631 aderant,
728 3563 812 3638 quse
826 3541 922 3612 circa
935 3564 973 3612 se
987 3543 1088 3638 gesta

109 3677 214 3748 erant
225 3667 360 3746 certius
373 3687 591 3762 agnoscens,
610 3675 647 3734 et
667 3659 716 3734 ad
735 3687 773 3734 se
793 3660 1002 3760 plenissime
1026 3687 1090 3734 re-

112 3804 232 3876 versa,
257 3799 343 3858 ante
366 3785 479 3860 altare
501 3810 587 3860 curn
608 3781 796 3856 lachrimis
818 3786 1085 3882 prosternitur,

110 3919 195 3979 etse
208 3907 381 3981 ancillam
397 3910 512 3982 sancti
525 3910 565 3980 in
579 3921 760 3982 aeternum
773 3931 846 3980 esse
860 3905 1090 3978 devovisse

113 4044 238 4124 postea
258 4029 392 4116 refecta
410 4030 494 4106 cibo
513 4033 620 4132 (nam
641 4031 681 4104 in
708 4027 833 4104 triduo
856 4024 952 4100 nihil
971 4027 1089 4101 victus
