2932 4974
197 580 199 584 ·
468 565 561 611 cisen
579 569 752 616 secunnos.
1041 571 1097 624 ets

119 727 288 821 gratiam.
304 728 375 796 Pro
390 731 557 826 tantique
569 729 739 804 beneficii
752 735 993 832 compendio,
1011 765 1097 812 mo-

118 845 406 918 nasticis‘usibus
419 846 643 938 deserviens,
665 869 788 950 postea
811 859 850 926 in
873 866 1093 934 monasterio

118 981 371 1040 conversatur.

451 1168 614 1346 dep.
669 1223 778 1299 vn.

259 1493 296 1532 oe
311 1490 447 1534 monento
464 1492 583 1536 usuris
596 1497 618 1536 s.
631 1494 792 1539 canumet
803 1489 960 1540 urracae
1049 1493 1051 1500 “

115 1667 464 1782 AuaoDominicae
478 1709 740 1782 incarnationis
754 1733 779 1780 1.
796 1721 912 1800 xxvu,
931 1735 980 1782 m.
1006 1712 1028 1780 J
1032 1711 1097 1784 ulii

116 1829 251 1902 oborta
263 1841 319 1900 est
332 1831 370 1898 in
385 1831 463 1926 ipsa
475 1833 626 1904 civitate
654 1847 752 1905 vasta
773 1835 882 1930 pestis
903 1833 1097 1925 incendii,

116 1953 293 2052 quaejam
309 1951 463 2024 civilatis
478 1979 610 2052 magna
629 1969 732 2052 parte
746 1955 956 2045 combusta,
976 1955 1100 2027 furen-

117 2073 219 2144 tibus
235 2071 418 2172 siquidem
433 2073 612 2162 flammis,
634 2079 750 2146 ventis
772 2075 1015 2169 agitantibus,
1038 2078 1100 2144 in-

118 2194 322 2286 valescens,
341 2193 390 2266 ad
408 2193 536 2265 domos
553 2197 662 2265 etiam
678 2219 794 2291 prope
810 2198 925 2264 sancti
944 2198 1012 2266 viri
1030 2219 1103 2267 mo·

120 2318 321 2387 nasterium
332 2319 420 2387 sitas
431 2329 782 2419 usquepervenerat,
792 2340 833 2388 ac
841 2315 1102 2390 inevitabiliter

118 2451 325 2535 correptas,
347 2436 449 2508 edaci
479 2438 720 2535 populatione
756 2437 973 2511 involverat.
1017 2441 1101 2514 Jam

120 2583 210 2650 vero
234 2561 384 2657 majoris
411 2574 527 2630 metus
556 2585 682 2652 causa,
713 2559 759 2631 de
783 2577 947 2659 suspecta
972 2563 1101 2662 templi

121 2679 409 2777 conflagratione
426 2685 599 2752 exoritur.
625 2685 707 2752 Non
730 2686 831 2754 euim
855 2683 1003 2756 fortasse
1026 2686 1100 2758 du·-

120 2803 247 2893 bium,
266 2808 357 2901 quin
376 2806 405 2873 si
422 2806 587 2901 proxima
608 2802 795 2876 domicilia
816 2819 1069 2877 cremarentur
1088 2861 1097 2898 ,

121 2927 245 3022 ipsum
260 2937 296 2996 st
312 2927 574 2996 monasterium
591 2925 674 3021 igne
698 2939 902 3022 raperetur.
925 2911 1116 2998 Flammis*

120 3058 247 3116 autem
262 3045 566 3117 invalescentibus
583 3059 703 3117 metus
719 3047 876 3144 amplior
899 3047 1070 3120 incubuit
1088 3103 1097 3140 ‚

120 3165 312 3264 globisque
330 3165 557 3257 volantibus,
583 3178 680 3238 totus
703 3181 778 3238 tam
801 3167 961 3262 populus
987 3193 1100 3265 quam

123 3286 257 3376 clerus,
282 3287 440 3360 subluto¹
457 3289 495 3356 in
525 3287 662 3357 coelum
687 3287 867 3374 clamore,
894 3285 1098 3380 infremuit,

121 3409 279 3506 Moxque
292 3408 368 3480 duo
383 3435 425 3482 ex
437 3408 594 3498 clericis,
612 3405 657 3477 de
672 3406 851 3476 sententia
866 3419 1098 3501 caeterorum,

121 3545 288 3603 sanctum
313 3530 553 3630 sepulchrum
579 3527 744 3600 celeriter
778 3525 972 3620 adeuntes,
1001 3556 1100 3628 prae-

121 3669 268 3751 sumpta
282 3653 434 3752 quidem
455 3652 502 3724 de
527 3653 656 3722 timore
678 3649 850 3740 audacia,
876 3649 1020 3724 thecam
1043 3679 1100 3726 ar-

122 3787 291 3871 genteam
305 3778 519 3848 sanctissimi
537 3777 701 3872 corporis
714 3773 930 3865 extrahunt,
948 3778 1099 3848 cursim-

123 3921 198 3994 que
212 3898 392 3990 tollentes,
405 3898 564 3970 flammis
577 3896 784 3968 furentibus
798 3897 945 3968 obviam
959 3895 1096 3966 ferunt.

123 4021 253 4092 Statim
277 4045 383 4118 ergo,
405 4019 531 4096 divina
553 4020 747 4094 clementia
766 4031 961 4118 operante,
984 4019 1098 4086 meri-
