3088 4968
572 557 665 603 IMR
681 556 809 605 nmis.

549 784 710 972 llos).
772 847 838 930 ιι.

244 1093 284 1134 ιιι
310 1091 429 1136 nom
463 1094 518 1134 m
542 1079 735 1136 mvoc'srun
761 1095 783 1132 ι.
809 1091 935 1134 vsnssrr
964 1091 995 1133 ιιι
1023 1091 1144 1136 curura

598 1171 794 1212 eversarum.

201 1361 347 1471 plum
366 1418 453 1468 vero
477 1421 560 1496 quae
581 1399 714 1470 nostris
739 1395 869 1470 diebus
896 1398 1036 1468 meritis
1066 1395 1179 1497 hujus

198 1517 299 1590 beati
320 1517 549 1610 confessoris,
567 1545 589 1590 a
608 1518 819 1592 videntibus
835 1518 930 1592 facta
947 1503 1175 1618 accepimus,

198 1664 437 1738 nequaquam
454 1638 712 1740 praetereunda
731 1642 1003 1713 aestimavimus.
1019 1643 1062 1712 In
1076 1641 1177 1714 Der-

200 1762 319 1832 niensi
347 1786 509 1860 namque
530 1764 742 1856 territorio,
766 1760 966 1862 quemdam
983 1787 1026 1832 ex
1039 1761 1178 1833 familia

199 1884 235 1953 S.
261 1880 409 1954 Vedasti
429 1881 638 1976 hominem,
664 1884 752 1956 mali
784 1875 1029 1984 rapinatores,
1049 1883 1177 1955 alienoe

116 2063 118 2068 .
199 2003 449 2076 substantiolae
472 2003 677 2096 inhiantes,
700 2007 821 2104 pravis
841 2003 1177 2076 insimulationibus

201 2123 318 2198 adorti
350 2139 458 2217 sunt,
494 2139 531 2196 et
551 2125 599 2196 ob
631 2123 704 2196 hoo
730 2126 926 2222 (1)suum
957 2121 1176 2195 advocatum

201 2251 241 2319 in
260 2249 319 2346 jus
342 2259 566 2347 quaerentes,
593 2247 714 2346 ipsum
737 2243 888 2344 quidem
914 2242 1104 2316 hominem
1129 2244 1176 2318 ad

199 2371 382 2468 singulare
425 2382 637 2460 certamen,
687 2365 789 2467 quod
836 2369 970 2441 rustice
1019 2365 1176 2440 dicimus

198 2517 390 2592 campum,
413 2501 720 2589 provocaverunt.
740 2490 811 2581 Qui
827 2487 1047 2562 advocatum
1064 2513 1173 2562 suum

195 2613 416 2688 adfuturum
430 2613 633 2712 pollicitus,
653 2615 749 2684 intra
765 2594 829 2709 iruj
833 2637 876 2684 us
888 2612 977 2710 legis
991 2609 1175 2682 diffinien-

199 2735 268 2810 dae
282 2737 509 2826 terminum,
547 2748 694 2834 sumpta
722 2760 810 2833 pera
839 2759 926 2806 cum
946 2733 1099 2824 baculo,
1125 2731 1173 2803 ad

198 2857 414 2932 coenobium
434 2857 505 2928 viri
522 2857 590 2928 Dei
611 2881 761 2955 pergere
779 2853 982 2945 festinavit,
1004 2877 1173 2926 causam-

199 3005 270 3080 que
285 2977 515 3078 proclamans
526 2977 685 3069 ,abbatis
699 2975 929 3050 advocatiam
947 2975 1171 3074 imploravit.

199 3100 319 3172 Abbas
336 3115 474 3192 autern,
491 3125 559 3198 pro
577 3097 792 3171 difficultate
811 3098 913 3195 longi
935 3099 1090 3188 itineris,
1107 3095 1175 3167 de-

202 3218 1175 3320 trectavitserresuliragium,immodivinummonuit

203 3356 385 3439 expectare
411 3343 604 3416 auxilinm.
638 3345 800 3411 Omnino
835 3343 959 3436 itaque
994 3339 1175 3414 desolatus

198 3461 247 3535 ad
266 3489 329 3536 sua
346 3469 561 3552 revertitur,
586 3462 735 3560 solaque
761 3461 801 3530 in
827 3457 969 3530 domini
993 3455 1079 3530 fisus
1100 3459 1176 3545 cle-

195 3581 353 3682 mentia,
382 3601 587 3687 susceptam
611 3584 728 3682 legem
752 3581 915 3656 refellere
938 3577 1173 3682 nequaqnam

192 3711 399 3782 aestirnavit.
422 3711 520 3806 Ergo
547 3709 760 3808 praescripta
780 3705 862 3798 die,
889 3703 1032 3806 judicio
1056 3731 1092 3777 se
1113 3729 1177 3776 re-

194 3843 449 3928 praesentans,
495 3831 724 3908 advocatiam
768 3831 838 3904 Dei
877 3845 912 3903 et
951 3832 986 3901 S.
1029 3825 1175 3897 Vedasti

231 4001 417 4127 (olai
482 4101 485 4110 .
