3044 4968
377 547 434 625 tes
679 549 799 597 cusos.
819 548 899 597 cass.
918 549 962 594 nr
980 547 1056 594 sn.

376 720 548 823 pluribus
560 743 648 794 vero
661 716 904 819 transigendis
917 715 1085 790 dulciter
1099 711 1365 790 intercluden-

376 842 469 916 dum
477 845 744 944 suspicaretur,
758 855 968 944 pugnatum
984 839 1138 912 transire
1150 836 1363 912 festinaret:

377 981 477 1042 aute
493 981 622 1042 eontra
638 969 716 1068 ipse
732 965 780 1040 ab
802 989 846 1038 eo
864 965 1021 1064 sumptis
1042 985 1193 1062 quoque
1214 957 1364 1034 obsidi-

376 1091 466 1184 bus,
486 1115 655 1164 remenso
671 1088 808 1183 fluvio,
825 1085 998 1164 adversus
1017 1083 1126 1158 illum
1150 1098 1361 1178 remearet,

377 1217 642 1313 commissaque
656 1215 813 1287 invicem
827 1235 973 1313 pugna,
988 1211 1049 1284 cui
1064 1209 1163 1283 Deus
1177 1221 1364 1284 annueret

377 1337 562 1412 laureatus
588 1339 692 1435 regui
720 1339 877 1438 imperio
902 1336 1098 1436 potiretur.
1115 1335 1196 1406 Hoc
1212 1331 1359 1426 audito,

378 1485 500 1534 comes
521 1457 675 1560 quidam
696 1457 902 1534 Goisfridus
918 1455 1089 1550 nomine,
1111 1479 1362 1556 prorumpens

380 1585 420 1655 in
436 1607 545 1674 voce,
562 1585 633 1654 aits
650 1580 750 1674 Quid
766 1594 821 1654 tot
835 1581 882 1654 sb
900 1595 1059 1680 utraque
1081 1593 1185 1680 parte
1209 1579 1362 1654 caeden-

382 1707 466 1777 tur?
478 1706 637 1778 Veniant
649 1704 761 1777 ambo
777 1729 878 1802 reges
891 1705 931 1776 iu
945 1728 1065 1777 unum
1081 1702 1358 1795 tantummodo,

380 1827 561 1926 nobisque
574 1827 705 1928 procul
719 1826 987 1927 spectantibus,
1004 1851 1187 1900 summam
1202 1825 1361 1926 periculi

379 1949 448 2026 soli
475 1949 693 2043 subeuntes,
718 1975 794 2024 una
824 1949 1082 2044 conferantur,
1105 1975 1262 2050 unoque
1282 1950 1360 2022 fisse

380 2075 502 2148 caeteri
534 2075 706 2148 reservati
735 2075 866 2148 victori
897 2072 1158 2173 subjiciantur.
1193 2073 1255 2148 Ad
1283 2073 1359 2148 hsce

380 2195 605 2270 Godesridns
640 2196 770 2272 itidem
803 2221 924 2272 comes
959 2223 1047 2272 cum
1080 2195 1356 2296 indignatione:
1475 2227 1476 2240 ³

380 2322 546 2420 Semper,
564 2322 705 2420 inquit,
720 2333 883 2394 vestrum
897 2345 1020 2418 regem
1036 2320 1141 2395 vobis
1154 2321 1267 2396 vilem
1288 2319 1357 2394 ba-

380 2441 459 2514 bcri
473 2438 684 2516 audivimus
700 2467 777 2516 non
791 2443 1001 2538 credentes;
1028 2469 1130 2518 nunc
1149 2457 1275 2517 autem
1292 2464 1359 2518 vo-

381 2565 600 2665 bismetipsis
615 2565 832 2660 fatentibus,
850 2567 1117 2642 crederefasest
1129 2593 1354 2670 tamquam,
1474 2555 1475 2558 ¹

380 2687 487 2762 nobis
501 2689 791 2790 quiescentibus,
810 2705 934 2766 noster
947 2694 1148 2793 imperator
1161 2691 1355 2793 pugnabit.

380 2837 595 2912 nunquam,
613 2813 719 2886 nobis
732 2815 948 2916 sospitibus,
966 2817 1005 2888 iu
1023 2815 1151 2916 praelio
1170 2816 1358 2916 periclita-
1473 2893 1474 2900 ,

379 2933 495 3006 bitur.
504 2935 615 3008 Haud
627 2949 749 3010 tamen
762 2963 847 3012 eum
859 2939 936 3012 fore
947 2943 1133 3014 victurum
1141 2939 1354 3028 diffidimus,

379 3058 408 3127 si
416 3069 629 3135 vestroeum
637 3059 1353 3163 regeconferretursingularicertamine.

696 3256 857 3436 tias.
906 3315 1125 3394 xcvm.

377 3517 485 3562 mm
503 3520 706 3562 ssbmomii!
723 3523 822 3564 'rum
848 3523 1019 3572 ΙΡΙΙῦθΡΰΙ,
1045 3527 1142 3578 Amul
1163 3527 1317 3570 lssfflffli
1337 3525 1354 3566 Α

649 3599 711 3639 wi!
727 3599 884 3642 Vnum!
892 3601 1087 3644 concuntwlt.
1350 3603 1364 3672 )

376 3743 481 3855 flue
497 3783 610 3881 igitur
624 3783 756 3880 modo,
782 3787 929 3887 regibus
942 3787 1038 3860 inter
1054 3813 1091 3862 se
1106 3785 1352 3863 discordanti-

377 3902 464 3998 bus,
476 3907 556 4006 J'am
572 3904 677 3982 dictu
699 3907 848 3985 difficile
871 3926 926 3984 est
953 3909 1057 4012 quod
1076 3911 1246 4012 procellis
1272 3913 1352 3986 tsc-

377 4053 523 4126 tionum
540 4057 816 4154 intonantibus,
834 4057 881 4134 ab
899 4062 986 4160 ipsis
1006 4063 1080 4134 suis
1097 4061 1255 4136 vassallis
1270 4057 1350 4134 affi-
