3044 4968
549 587 642 632 trono
658 583 788 632 remus.
1105 581 1159 636 lot

178 748 277 820 mira
295 772 382 846 erga
407 773 560 846 gregem
580 746 757 821 charitate
776 746 960 848 pollebat,
983 751 1162 850 omnique

175 869 468 946 mansuetudine
493 869 645 968 plenus,
680 883 783 943 tanto
806 870 950 942 ambitu
974 872 1160 970 religionis

177 994 362 1092 episcopii
400 990 619 1090 dignitatem
654 992 831 1093 implebat
863 1007 906 1065 ut
933 997 1161 1093 propositum

177 1112 363 1188 monaehi
377 1113 482 1188 nullo
492 1113 605 1188 modo
619 1114 790 1190 exoedere
800 1115 1001 1190 rideretur.
1015 1119 1165 1218 Semper

177 1261 351 1338 namque
373 1239 414 1310 in
435 1233 680 1312 ecclesiastices
698 1238 852 1314 culture
868 1237 992 1312 studio
1009 1238 1164 1313 insuda-

178 1360 273 1453 bat,
292 1387 513 1462 gregemque
527 1363 762 1436 commissum
776 1362 942 1464 exemplo
955 1366 1040 1436 vitoe
1058 1365 1163 1436 inno·

179 1486 321 1575 centis,
340 1507 562 1586 morumque
578 1484 764 1560 bonorum
784 1485 1048 1560 informatione
1070 1485 1163 1560 doo-

178 1602 365 1679 tonabat.

458 1775 623 1963 blan,
680 1829 918 1910 nxxxv.

180 2076 227 2119 n
242 2075 423 2120 comum
444 2077 640 2122 (lm.
654 2077 769 2119 mu
781 2077 943 2120 ΡΜΟΝΑΙ
959 2079 1168 2126 culmum,

216 2156 375 2203 Duum.
401 2155 516 2206 11100111
532 2153 674 2202 muco,
691 2155 761 2206 qm
785 2155 881 2198 nm
903 2155 1089 2200 mm
1109 2157 1169 2200 Mill

218 2233 327 2281 mm.
342 2233 507 2277 ΒῦῦιΙΙΙΑΙ
520 2233 673 2284 Amm-

185 2433 287 2546 fltc
301 2474 412 2546 etiam
425 2474 585 2573 propriis
599 2473 708 2548 rebus
722 2473 908 2550 eeclesiam
931 2476 1090 2577 augebat
1110 2492 1164 2574 et,

182 2595 221 2671 si
242 2619 315 2696 qua
337 2593 663 2690 subtraherentur,
686 2597 838 2700 publico
853 2597 998 2699 judicio
1021 2601 1169 2676 evindi-

185 2745 274 2796 care
294 2733 331 2794 et
348 2722 538 2794 restituere
560 2720 759 2820 satagebat.
785 2720 975 2822 Siquidem
1007 2747 1050 2794 eo
1069 2737 1173 2814 tem-2·¹

185 2867 295 2945 pore,
303 2843 443 2936 Bruno,
456 2841 532 2917 dux
541 2841 931 2946 sivearchiepiseopus,
944 2817 1168 2922 conventum

181 2967 419 3068 generalem,
436 2993 523 3041 eum
539 2968 665 3044 multis
679 2967 912 3070 principibus
930 2982 967 3044 et
990 2971 1171 3072 episeopis

183 3087 294 3192 apud
308 3087 497 3190 quandam
513 3091 641 3164 villam
656 3091 761 3190 cujus
777 3113 915 3163 nomen
936 3116 1013 3165 non
1033 3092 1171 3180 subve-

185 3215 270 3300 nit,
282 3211 450 3288 habuisse
460 3211 617 3308 dicitur,
635 3217 765 3314 inquo
779 3211 825 3286 de
839 3239 930 3311 paee
944 3228 981 3286 et
993 3215 1171 3312 religione

188 3347 328 3408 sancte
340 3335 405 3408 Dei
420 3337 601 3428 eoelesiae,
618 3349 790 3433 statuque
804 3335 909 3429 regni
924 3333 1120 3408 salubriter
1135 3350 1172 3410 et

186 3473 442 3560 competenter
461 3471 658 3532 tractatum
679 3469 744 3530 est.
772 3455 844 3528 Ubi
867 3457 979 3529 etiam
1000 3459 1173 3558 Engran-
1203 3536 1209 3546 ,

185 3605 263 3656 nus
276 3585 466 3684 episcopus
481 3584 534 3656 ire
551 3581 746 3681 disposuit,
765 3579 988 3656 clamaturus
1003 3579 1174 3658 videlieet

182 3703 318 3780 villam
334 3709 372 3778 S.
391 3707 517 3778 Mariae
533 3708 754 3798 Perronam,
772 3729 886 3804 quam
907 3705 1172 3782 Hasbanienses

184 3805 297 3900 more
319 3825 527 3902 beneficiali
553 3829 748 3922 tenebant3
770 3828 1008 3927 precepitque
1021 3825 1174 3898 Widoni

185 3977 258 4026 suo
272 3951 514 4044 cancellario,
531 3966 574 4025 ut
583 3951 749 4026 chartam
759 3947 1044 4050 ejusdemvillae,
1060 3971 1173 4047 quam

186 4077 230 4152 in
244 4073 402 4152 arebiro
416 4075 573 4151 ecclesio
586 4086 792 4175 repererat,
806 4095 931 4148 seeum
952 4083 1113 4168 gereret,
1131 4086 1177 4141 ur
