<?xml version="1.0" encoding="UTF-8"?>
<!DOCTYPE html PUBLIC "-//W3C//DTD XHTML 1.0 Transitional//EN"
    "http://www.w3.org/TR/xhtml1/DTD/xhtml1-transitional.dtd">
<html xmlns="http://www.w3.org/1999/xhtml" xml:lang="en" lang="en">
 <head>
  <title>
</title>
<meta http-equiv="Content-Type" content="text/html;charset=utf-8" />
  <meta name='ocr-system' content='tesseract 3.04.00' />
  <meta name='ocr-capabilities' content='ocr_page ocr_carea ocr_par ocr_line ocrx_word'/>
</head>
<body>
  <div class='ocr_page' id='page_1' title='image "./chroniquedarras00glaygoog_0404.png"; bbox 0 0 2902 4972; ppageno 0'>
   <div class='ocr_carea' id='block_1_1' title="bbox 298 519 971 608">
    <p class='ocr_par' dir='ltr' id='par_1_1' title="bbox 298 519 971 608">
     <span class='ocr_line' id='line_1_1' title="bbox 298 519 971 608; baseline -0.015 1"><span class='ocrx_word' id='word_1_1' title='bbox 298 519 300 522; x_wconf 59' lang='grc'><strong>’</strong></span> <span class='ocrx_word' id='word_1_2' title='bbox 370 554 427 608; x_wconf 82' lang='lat' dir='ltr'><strong>sos</strong></span> <span class='ocrx_word' id='word_1_3' title='bbox 744 555 816 604; x_wconf 68' lang='lat' dir='ltr'><strong>aar».</strong></span> <span class='ocrx_word' id='word_1_4' title='bbox 837 553 971 600; x_wconf 70' lang='lat' dir='ltr'><strong>ierem</strong></span> 
     </span>
    </p>
   </div>
   <div class='ocr_carea' id='block_1_2' title="bbox 303 713 1349 1552">
    <p class='ocr_par' dir='ltr' id='par_1_2' title="bbox 303 713 1349 1552">
     <span class='ocr_line' id='line_1_2' title="bbox 303 713 1349 820; baseline -0.007 -25"><span class='ocrx_word' id='word_1_5' title='bbox 303 713 308 720; x_wconf 50' lang='lat'><strong>¹</strong></span> <span class='ocrx_word' id='word_1_6' title='bbox 369 734 407 794; x_wconf 90' lang='lat' dir='ltr'><strong>et</strong></span> <span class='ocrx_word' id='word_1_7' title='bbox 419 719 512 820; x_wconf 89' lang='lat' dir='ltr'><strong>quid</strong></span> <span class='ocrx_word' id='word_1_8' title='bbox 524 719 594 796; x_wconf 92' lang='lat' dir='ltr'><strong>sibi</strong></span> <span class='ocrx_word' id='word_1_9' title='bbox 608 717 782 796; x_wconf 87' lang='lat' dir='ltr'><strong>acciderit</strong></span> <span class='ocrx_word' id='word_1_10' title='bbox 799 719 974 792; x_wconf 86' lang='lat' dir='ltr'><strong>attentius</strong></span> <span class='ocrx_word' id='word_1_11' title='bbox 988 729 1285 817; x_wconf 78' lang='lat' dir='ltr'><strong>perscrutamur.</strong></span> <span class='ocrx_word' id='word_1_12' title='bbox 1306 721 1349 788; x_wconf 76' lang='lat' dir='ltr'><strong>tt</strong></span> 
     </span>
     <span class='ocr_line' id='line_1_3' title="bbox 369 839 1348 941; baseline -0.004 -27"><span class='ocrx_word' id='word_1_13' title='bbox 369 843 432 916; x_wconf 90' lang='lat' dir='ltr'><strong>illa</strong></span> <span class='ocrx_word' id='word_1_14' title='bbox 446 845 625 918; x_wconf 84' lang='lat' dir='ltr'>visionem</span> <span class='ocrx_word' id='word_1_15' title='bbox 638 855 825 941; x_wconf 77' lang='lat' dir='ltr'><strong>gratanter</strong></span> <span class='ocrx_word' id='word_1_16' title='bbox 839 863 1154 932; x_wconf 87' lang='lat' dir='ltr'><strong>commemorans,</strong></span> <span class='ocrx_word' id='word_1_17' title='bbox 1172 839 1256 914; x_wconf 85' lang='lat' dir='ltr'><strong>Deo</strong></span> <span class='ocrx_word' id='word_1_18' title='bbox 1274 851 1309 912; x_wconf 88' lang='lat' dir='ltr'><strong>et</strong></span> <span class='ocrx_word' id='word_1_19' title='bbox 1317 841 1348 910; x_wconf 90' lang='lat' dir='ltr'><strong>S.</strong></span> 
     </span>
     <span class='ocr_line' id='line_1_4' title="bbox 370 959 1349 1064; baseline -0.006 -26"><span class='ocrx_word' id='word_1_20' title='bbox 370 965 555 1064; x_wconf 85' lang='lat' dir='ltr'><strong>apostolo,</strong></span> <span class='ocrx_word' id='word_1_21' title='bbox 570 977 780 1062; x_wconf 77' lang='lat' dir='ltr'><strong>sanctaeque</strong></span> <span class='ocrx_word' id='word_1_22' title='bbox 794 960 1014 1036; x_wconf 88' lang='lat' dir='ltr'><strong>Maxellendi</strong></span> <span class='ocrx_word' id='word_1_23' title='bbox 1029 959 1158 1034; x_wconf 83' lang='lat' dir='ltr'><strong>laudes</strong></span> <span class='ocrx_word' id='word_1_24' title='bbox 1170 974 1210 1034; x_wconf 89' lang='lat' dir='ltr'><strong>et</strong></span> <span class='ocrx_word' id='word_1_25' title='bbox 1222 963 1349 1059; x_wconf 79' lang='lat' dir='ltr'><strong>gratias</strong></span> 
     </span>
     <span class='ocr_line' id='line_1_5' title="bbox 370 1080 1349 1184; baseline -0.008 -24"><span class='ocrx_word' id='word_1_26' title='bbox 370 1087 513 1184; x_wconf 75' lang='lat' dir='ltr'><strong>agebat.</strong></span> <span class='ocrx_word' id='word_1_27' title='bbox 523 1085 594 1160; x_wconf 88' lang='lat' dir='ltr'><strong>Sed</strong></span> <span class='ocrx_word' id='word_1_28' title='bbox 607 1085 711 1184; x_wconf 84' lang='lat' dir='ltr'><strong>plebs</strong></span> <span class='ocrx_word' id='word_1_29' title='bbox 725 1109 937 1176; x_wconf 89' lang='lat' dir='ltr'><strong>occurrens,</strong></span> <span class='ocrx_word' id='word_1_30' title='bbox 954 1096 1112 1182; x_wconf 88' lang='lat' dir='ltr'><strong>quantas</strong></span> <span class='ocrx_word' id='word_1_31' title='bbox 1125 1109 1206 1182; x_wconf 88' lang='lat' dir='ltr'><strong>prae</strong></span> <span class='ocrx_word' id='word_1_32' title='bbox 1218 1080 1349 1181; x_wconf 76' lang='lat' dir='ltr'><strong>gaudio</strong></span> 
     </span>
     <span class='ocr_line' id='line_1_6' title="bbox 370 1183 1349 1305; baseline -0.005 -25"><span class='ocrx_word' id='word_1_33' title='bbox 370 1207 566 1283; x_wconf 83' lang='lat' dir='ltr'><strong>lachrimas</strong></span> <span class='ocrx_word' id='word_1_34' title='bbox 578 1208 736 1294; x_wconf 85' lang='lat' dir='ltr'><strong>luderit,</strong></span> <span class='ocrx_word' id='word_1_35' title='bbox 751 1220 788 1280; x_wconf 92' lang='lat' dir='ltr'><strong>et</strong></span> <span class='ocrx_word' id='word_1_36' title='bbox 804 1217 944 1305; x_wconf 82' lang='lat' dir='ltr'><strong>quanto</strong></span> <span class='ocrx_word' id='word_1_37' title='bbox 960 1203 1083 1304; x_wconf 89' lang='lat' dir='ltr'><strong>jubilo</strong></span> <span class='ocrx_word' id='word_1_38' title='bbox 1099 1183 1297 1300; x_wconf 84' lang='lat' dir='ltr'><strong>hymnum</strong></span> <span class='ocrx_word' id='word_1_39' title='bbox 1311 1207 1349 1276; x_wconf 81' lang='lat' dir='ltr'><strong>Te</strong></span> 
     </span>
     <span class='ocr_line' id='line_1_7' title="bbox 370 1326 1349 1429; baseline -0.002 -27"><span class='ocrx_word' id='word_1_40' title='bbox 370 1334 483 1402; x_wconf 82' lang='lat' dir='ltr'><strong>Deum</strong></span> <span class='ocrx_word' id='word_1_41' title='bbox 491 1326 1235 1426; x_wconf 80' lang='lat' dir='ltr'><strong>loudcmuacecinerit,magiscredendum</strong></span> <span class='ocrx_word' id='word_1_42' title='bbox 1244 1353 1349 1429; x_wconf 80' lang='lat' dir='ltr'><strong>quarn</strong></span> 
     </span>
     <span class='ocr_line' id='line_1_8' title="bbox 373 1449 811 1552; baseline -0.011 -26"><span class='ocrx_word' id='word_1_43' title='bbox 373 1474 540 1526; x_wconf 84' lang='lat' dir='ltr'><strong>sermone</strong></span> <span class='ocrx_word' id='word_1_44' title='bbox 553 1449 811 1552; x_wconf 87' lang='lat' dir='ltr'><strong>pandendum.</strong></span> 
     </span>
    </p>
   </div>
   <div class='ocr_carea' id='block_1_3' title="bbox 697 1671 1020 1852">
    <p class='ocr_par' dir='ltr' id='par_1_3' title="bbox 697 1671 1020 1852">
     <span class='ocr_line' id='line_1_9' title="bbox 697 1671 1020 1852; baseline -0.043 -39"><span class='ocrx_word' id='word_1_45' title='bbox 697 1671 856 1852; x_wconf 62' lang='lat' dir='ltr'><strong>dap.</strong></span> <span class='ocrx_word' id='word_1_46' title='bbox 916 1729 1020 1803; x_wconf 83' lang='lat' dir='ltr'><strong>vn.</strong></span> 
     </span>
    </p>
   </div>
   <div class='ocr_carea' id='block_1_4' title="bbox 371 1987 1346 2045">
    <p class='ocr_par' dir='ltr' id='par_1_4' title="bbox 371 1987 1346 2045">
     <span class='ocr_line' id='line_1_10' title="bbox 371 1987 1346 2045; baseline -0.004 -9"><span class='ocrx_word' id='word_1_47' title='bbox 371 1994 410 2040; x_wconf 70' lang='lat' dir='ltr'><strong>D!</strong></span> <span class='ocrx_word' id='word_1_48' title='bbox 424 1991 546 2045; x_wconf 63' lang='lat' dir='ltr'><strong>QUODAM</strong></span> <span class='ocrx_word' id='word_1_49' title='bbox 563 1991 681 2032; x_wconf 74' lang='lat' dir='ltr'><strong>raam</strong></span> <span class='ocrx_word' id='word_1_50' title='bbox 695 1988 841 2032; x_wconf 69' lang='lat' dir='ltr'><strong>unsaro-</strong></span> <span class='ocrx_word' id='word_1_51' title='bbox 856 1989 895 2030; x_wconf 69' lang='grc' dir='ltr'><strong>ΒΕ</strong></span> <span class='ocrx_word' id='word_1_52' title='bbox 915 1987 1004 2031; x_wconf 79' lang='lat' dir='ltr'><strong>ostru</strong></span> <span class='ocrx_word' id='word_1_53' title='bbox 1017 1989 1045 2031; x_wconf 80' lang='lat' dir='ltr'><strong>n.</strong></span> <span class='ocrx_word' id='word_1_54' title='bbox 1064 1989 1197 2034; x_wconf 75' lang='lat' dir='ltr'><strong>emm</strong></span> <span class='ocrx_word' id='word_1_55' title='bbox 1211 1991 1346 2034; x_wconf 60' lang='lat' dir='ltr'><strong>”morl</strong></span> 
     </span>
    </p>
   </div>
   <div class='ocr_carea' id='block_1_5' title="bbox 362 2170 1371 4138">
    <p class='ocr_par' dir='ltr' id='par_1_5' title="bbox 362 2170 1371 4138">
     <span class='ocr_line' id='line_1_11' title="bbox 369 2170 1347 2304; baseline -0.008 -24"><span class='ocrx_word' id='word_1_56' title='bbox 369 2170 513 2280; x_wconf 77' lang='lat' dir='ltr'><strong>flutas</strong></span> <span class='ocrx_word' id='word_1_57' title='bbox 532 2207 586 2280; x_wconf 88' lang='lat' dir='ltr'><strong>rei</strong></span> <span class='ocrx_word' id='word_1_58' title='bbox 614 2203 821 2304; x_wconf 87' lang='lat' dir='ltr'><strong>spectaculo</strong></span> <span class='ocrx_word' id='word_1_59' title='bbox 849 2204 1024 2276; x_wconf 88' lang='lat' dir='ltr'><strong>intererat</strong></span> <span class='ocrx_word' id='word_1_60' title='bbox 1050 2216 1087 2274; x_wconf 87' lang='lat' dir='ltr'><strong>et</strong></span> <span class='ocrx_word' id='word_1_61' title='bbox 1117 2203 1347 2277; x_wconf 85' lang='lat' dir='ltr'><strong>ministrabat</strong></span> 
     </span>
     <span class='ocr_line' id='line_1_12' title="bbox 370 2325 1345 2428; baseline 0 -30"><span class='ocrx_word' id='word_1_62' title='bbox 370 2327 525 2428; x_wconf 91' lang='lat' dir='ltr'><strong>quidam</strong></span> <span class='ocrx_word' id='word_1_63' title='bbox 539 2328 651 2400; x_wconf 89' lang='lat' dir='ltr'><strong>frater</strong></span> <span class='ocrx_word' id='word_1_64' title='bbox 664 2339 787 2399; x_wconf 89' lang='lat' dir='ltr'><strong>noster</strong></span> <span class='ocrx_word' id='word_1_65' title='bbox 803 2325 992 2420; x_wconf 81' lang='lat' dir='ltr'><strong>Albertus,</strong></span> <span class='ocrx_word' id='word_1_66' title='bbox 1012 2339 1142 2424; x_wconf 84' lang='lat' dir='ltr'><strong>utpote</strong></span> <span class='ocrx_word' id='word_1_67' title='bbox 1158 2351 1345 2400; x_wconf 85' lang='lat' dir='ltr'><strong>sacrorum</strong></span> 
     </span>
     <span class='ocr_line' id='line_1_13' title="bbox 369 2444 1347 2547; baseline -0.004 -23"><span class='ocrx_word' id='word_1_68' title='bbox 369 2475 542 2524; x_wconf 86' lang='lat' dir='ltr'><strong>vasorum</strong></span> <span class='ocrx_word' id='word_1_69' title='bbox 563 2462 683 2522; x_wconf 88' lang='lat' dir='ltr'><strong>custos</strong></span> <span class='ocrx_word' id='word_1_70' title='bbox 705 2462 741 2520; x_wconf 87' lang='lat' dir='ltr'><strong>et</strong></span> <span class='ocrx_word' id='word_1_71' title='bbox 764 2447 922 2520; x_wconf 83' lang='lat' dir='ltr'><strong>ecclesiae</strong></span> <span class='ocrx_word' id='word_1_72' title='bbox 947 2448 1134 2539; x_wconf 84' lang='lat' dir='ltr'><strong>minister,</strong></span> <span class='ocrx_word' id='word_1_73' title='bbox 1155 2451 1227 2547; x_wconf 89' lang='lat' dir='ltr'><strong>qui</strong></span> <span class='ocrx_word' id='word_1_74' title='bbox 1252 2444 1347 2547; x_wconf 83' lang='lat' dir='ltr'><strong>quod</strong></span> 
     </span>
     <span class='ocr_line' id='line_1_14' title="bbox 370 2566 1371 2674; baseline -0.003 -31"><span class='ocrx_word' id='word_1_75' title='bbox 370 2569 580 2674; x_wconf 79' lang='lat' dir='ltr'><strong>monachali</strong></span> <span class='ocrx_word' id='word_1_76' title='bbox 594 2567 847 2668; x_wconf 84' lang='lat' dir='ltr'><strong>praetendebat</strong></span> <span class='ocrx_word' id='word_1_77' title='bbox 863 2566 1016 2659; x_wconf 90' lang='lat' dir='ltr'><strong>habitu,</strong></span> <span class='ocrx_word' id='word_1_78' title='bbox 1034 2571 1120 2640; x_wconf 78' lang='lat' dir='ltr'><strong>vitae</strong></span> <span class='ocrx_word' id='word_1_79' title='bbox 1142 2583 1179 2642; x_wconf 91' lang='lat' dir='ltr'><strong>et</strong></span> <span class='ocrx_word' id='word_1_80' title='bbox 1201 2595 1345 2642; x_wconf 86' lang='lat' dir='ltr'><strong>morum</strong></span> <span class='ocrx_word' id='word_1_81' title='bbox 1367 2619 1371 2626; x_wconf 84' lang='lat'><strong>·</strong></span> 
     </span>
     <span class='ocr_line' id='line_1_15' title="bbox 369 2686 1345 2792; baseline -0.006 -28"><span class='ocrx_word' id='word_1_82' title='bbox 369 2691 554 2792; x_wconf 90' lang='lat' dir='ltr'><strong>probitate</strong></span> <span class='ocrx_word' id='word_1_83' title='bbox 567 2689 795 2789; x_wconf 83' lang='lat' dir='ltr'><strong>complebat,</strong></span> <span class='ocrx_word' id='word_1_84' title='bbox 814 2703 927 2788; x_wconf 91' lang='lat' dir='ltr'><strong>prout</strong></span> <span class='ocrx_word' id='word_1_85' title='bbox 941 2687 1108 2761; x_wconf 88' lang='lat' dir='ltr'><strong>humano</strong></span> <span class='ocrx_word' id='word_1_86' title='bbox 1125 2686 1277 2789; x_wconf 88' lang='lat' dir='ltr'><strong>judicio</strong></span> <span class='ocrx_word' id='word_1_87' title='bbox 1294 2689 1345 2764; x_wconf 76' lang='lat' dir='ltr'><strong>vet</strong></span> 
     </span>
     <span class='ocr_line' id='line_1_16' title="bbox 368 2811 1344 2915; baseline -0.003 -28"><span class='ocrx_word' id='word_1_88' title='bbox 368 2817 593 2915; x_wconf 86' lang='lat' dir='ltr'><strong>experientia</strong></span> <span class='ocrx_word' id='word_1_89' title='bbox 608 2827 727 2914; x_wconf 88' lang='lat' dir='ltr'><strong>potest</strong></span> <span class='ocrx_word' id='word_1_90' title='bbox 739 2811 987 2911; x_wconf 88' lang='lat' dir='ltr'><strong>comprobari.</strong></span> <span class='ocrx_word' id='word_1_91' title='bbox 1003 2813 1059 2884; x_wconf 93' lang='lat' dir='ltr'><strong>De</strong></span> <span class='ocrx_word' id='word_1_92' title='bbox 1073 2815 1180 2912; x_wconf 86' lang='lat' dir='ltr'><strong>cujus</strong></span> <span class='ocrx_word' id='word_1_93' title='bbox 1196 2837 1344 2886; x_wconf 84' lang='lat' dir='ltr'><strong>convcr-</strong></span> 
     </span>
     <span class='ocr_line' id='line_1_17' title="bbox 368 2933 1345 3035; baseline -0.002 -27"><span class='ocrx_word' id='word_1_94' title='bbox 368 2939 508 3008; x_wconf 83' lang='lat' dir='ltr'><strong>sctione</strong></span> <span class='ocrx_word' id='word_1_95' title='bbox 524 2960 662 3035; x_wconf 88' lang='lat' dir='ltr'><strong>pauca,</strong></span> <span class='ocrx_word' id='word_1_96' title='bbox 679 2948 716 3006; x_wconf 91' lang='lat' dir='ltr'><strong>et</strong></span> <span class='ocrx_word' id='word_1_97' title='bbox 731 2959 808 3008; x_wconf 90' lang='lat' dir='ltr'><strong>non</strong></span> <span class='ocrx_word' id='word_1_98' title='bbox 822 2947 954 3008; x_wconf 87' lang='lat' dir='ltr'><strong>cuneta</strong></span> <span class='ocrx_word' id='word_1_99' title='bbox 967 2961 1050 3034; x_wconf 88' lang='lat' dir='ltr'><strong>quae</strong></span> <span class='ocrx_word' id='word_1_100' title='bbox 1069 2933 1258 3028; x_wconf 84' lang='lat' dir='ltr'><strong>vidimus,</strong></span> <span class='ocrx_word' id='word_1_101' title='bbox 1283 2959 1345 3006; x_wconf 90' lang='lat' dir='ltr'><strong>ne-</strong></span> 
     </span>
     <span class='ocr_line' id='line_1_18' title="bbox 367 3054 1344 3130; baseline -0.002 0"><span class='ocrx_word' id='word_1_102' title='bbox 367 3059 463 3130; x_wconf 90' lang='lat' dir='ltr'><strong>mini</strong></span> <span class='ocrx_word' id='word_1_103' title='bbox 476 3060 523 3130; x_wconf 85' lang='lat' dir='ltr'><strong>sit</strong></span> <span class='ocrx_word' id='word_1_104' title='bbox 536 3080 734 3130; x_wconf 85' lang='lat' dir='ltr'><strong>onerosum</strong></span> <span class='ocrx_word' id='word_1_105' title='bbox 746 3058 776 3129; x_wconf 89' lang='lat' dir='ltr'><strong>si</strong></span> <span class='ocrx_word' id='word_1_106' title='bbox 791 3054 853 3128; x_wconf 93' lang='lat' dir='ltr'><strong>hic</strong></span> <span class='ocrx_word' id='word_1_107' title='bbox 865 3055 1026 3130; x_wconf 89' lang='lat' dir='ltr'><strong>breviter</strong></span> <span class='ocrx_word' id='word_1_108' title='bbox 1039 3059 1259 3130; x_wconf 85' lang='lat' dir='ltr'><strong>inseramus.</strong></span> <span class='ocrx_word' id='word_1_109' title='bbox 1282 3057 1344 3130; x_wconf 87' lang='lat' dir='ltr'><strong>Hic</strong></span> 
     </span>
     <span class='ocr_line' id='line_1_19' title="bbox 366 3176 1342 3280; baseline -0.004 -26"><span class='ocrx_word' id='word_1_110' title='bbox 366 3179 641 3280; x_wconf 88' lang='lat' dir='ltr'><strong>siquidem,sub</strong></span> <span class='ocrx_word' id='word_1_111' title='bbox 654 3180 702 3252; x_wconf 93' lang='lat' dir='ltr'><strong>D.</strong></span> <span class='ocrx_word' id='word_1_112' title='bbox 714 3176 1218 3252; x_wconf 84' lang='lat' dir='ltr'><strong>abbateWaldricohabitum</strong></span> <span class='ocrx_word' id='word_1_113' title='bbox 1234 3181 1342 3252; x_wconf 88' lang='lat' dir='ltr'><strong>nostri</strong></span> 
     </span>
     <span class='ocr_line' id='line_1_20' title="bbox 366 3299 1340 3402; baseline -0.002 -26"><span class='ocrx_word' id='word_1_114' title='bbox 366 3301 507 3378; x_wconf 88' lang='lat' dir='ltr'><strong>ordinis</strong></span> <span class='ocrx_word' id='word_1_115' title='bbox 515 3304 686 3402; x_wconf 87' lang='lat' dir='ltr'><strong>suscepit.</strong></span> <span class='ocrx_word' id='word_1_116' title='bbox 702 3303 798 3375; x_wconf 90' lang='lat' dir='ltr'><strong>Dein</strong></span> <span class='ocrx_word' id='word_1_117' title='bbox 812 3301 970 3401; x_wconf 89' lang='lat' dir='ltr'><strong>psalmos</strong></span> <span class='ocrx_word' id='word_1_118' title='bbox 983 3299 1126 3400; x_wconf 86' lang='lat' dir='ltr'><strong>aliquos</strong></span> <span class='ocrx_word' id='word_1_119' title='bbox 1138 3299 1340 3393; x_wconf 82' lang='lat' dir='ltr'><strong>addiscens,</strong></span> 
     </span>
     <span class='ocr_line' id='line_1_21' title="bbox 366 3420 1339 3522; baseline -0.003 -23"><span class='ocrx_word' id='word_1_120' title='bbox 366 3428 456 3499; x_wconf 89' lang='lat' dir='ltr'><strong>etin</strong></span> <span class='ocrx_word' id='word_1_121' title='bbox 470 3424 547 3500; x_wconf 86' lang='lat' dir='ltr'><strong>dies</strong></span> <span class='ocrx_word' id='word_1_122' title='bbox 561 3423 610 3500; x_wconf 93' lang='lat' dir='ltr'><strong>ad</strong></span> <span class='ocrx_word' id='word_1_123' title='bbox 623 3423 775 3498; x_wconf 88' lang='lat' dir='ltr'><strong>meliora</strong></span> <span class='ocrx_word' id='word_1_124' title='bbox 792 3422 1007 3522; x_wconf 86' lang='lat' dir='ltr'><strong>proficiens,</strong></span> <span class='ocrx_word' id='word_1_125' title='bbox 1027 3420 1178 3496; x_wconf 89' lang='lat' dir='ltr'><strong>tandem</strong></span> <span class='ocrx_word' id='word_1_126' title='bbox 1193 3449 1281 3498; x_wconf 85' lang='lat' dir='ltr'><strong>vasa</strong></span> <span class='ocrx_word' id='word_1_127' title='bbox 1296 3421 1339 3496; x_wconf 84' lang='lat' dir='ltr'><strong>al·</strong></span> 
     </span>
     <span class='ocr_line' id='line_1_22' title="bbox 364 3542 1341 3644; baseline -0.005 -25"><span class='ocrx_word' id='word_1_128' title='bbox 364 3551 452 3620; x_wconf 78' lang='lat' dir='ltr'><strong>tario</strong></span> <span class='ocrx_word' id='word_1_129' title='bbox 480 3559 635 3621; x_wconf 88' lang='lat' dir='ltr'><strong>tractare</strong></span> <span class='ocrx_word' id='word_1_130' title='bbox 652 3559 689 3618; x_wconf 92' lang='lat' dir='ltr'><strong>et</strong></span> <span class='ocrx_word' id='word_1_131' title='bbox 712 3542 928 3644; x_wconf 85' lang='lat' dir='ltr'><strong>hujusmodi</strong></span> <span class='ocrx_word' id='word_1_132' title='bbox 949 3544 1131 3644; x_wconf 85' lang='lat' dir='ltr'><strong>obsequiis</strong></span> <span class='ocrx_word' id='word_1_133' title='bbox 1146 3547 1273 3644; x_wconf 82' lang='lat' dir='ltr'><strong>jussus</strong></span> <span class='ocrx_word' id='word_1_134' title='bbox 1293 3557 1341 3617; x_wconf 86' lang='lat' dir='ltr'><strong>est</strong></span> 
     </span>
     <span class='ocr_line' id='line_1_23' title="bbox 364 3666 1339 3768; baseline -0.004 -24"><span class='ocrx_word' id='word_1_135' title='bbox 364 3666 559 3744; x_wconf 85' lang='lat' dir='ltr'><strong>deservire.</strong></span> <span class='ocrx_word' id='word_1_136' title='bbox 579 3672 648 3742; x_wconf 90' lang='lat' dir='ltr'><strong>Hic</strong></span> <span class='ocrx_word' id='word_1_137' title='bbox 661 3681 781 3741; x_wconf 85' lang='lat' dir='ltr'><strong>custos</strong></span> <span class='ocrx_word' id='word_1_138' title='bbox 797 3669 870 3740; x_wconf 87' lang='lat' dir='ltr'><strong>oris</strong></span> <span class='ocrx_word' id='word_1_139' title='bbox 886 3669 943 3740; x_wconf 87' lang='lat' dir='ltr'><strong>sui</strong></span> <span class='ocrx_word' id='word_1_140' title='bbox 957 3681 994 3742; x_wconf 91' lang='lat' dir='ltr'><strong>et</strong></span> <span class='ocrx_word' id='word_1_141' title='bbox 1006 3680 1242 3768; x_wconf 90' lang='lat' dir='ltr'><strong>contemptor</strong></span> <span class='ocrx_word' id='word_1_142' title='bbox 1259 3693 1339 3742; x_wconf 90' lang='lat' dir='ltr'><strong>cor-</strong></span> 
     </span>
     <span class='ocr_line' id='line_1_24' title="bbox 363 3787 1338 3891; baseline -0.003 -27"><span class='ocrx_word' id='word_1_143' title='bbox 363 3794 464 3891; x_wconf 89' lang='lat' dir='ltr'><strong>poris</strong></span> <span class='ocrx_word' id='word_1_144' title='bbox 490 3795 566 3883; x_wconf 90' lang='lat' dir='ltr'><strong>sui,</strong></span> <span class='ocrx_word' id='word_1_145' title='bbox 593 3806 691 3866; x_wconf 82' lang='lat' dir='ltr'><strong>veste</strong></span> <span class='ocrx_word' id='word_1_146' title='bbox 716 3791 862 3866; x_wconf 90' lang='lat' dir='ltr'><strong>cilicina</strong></span> <span class='ocrx_word' id='word_1_147' title='bbox 886 3815 1003 3890; x_wconf 87' lang='lat' dir='ltr'><strong>usque</strong></span> <span class='ocrx_word' id='word_1_148' title='bbox 1024 3787 1073 3862; x_wconf 86' lang='lat' dir='ltr'><strong>ad</strong></span> <span class='ocrx_word' id='word_1_149' title='bbox 1094 3790 1184 3864; x_wconf 87' lang='lat' dir='ltr'><strong>talos</strong></span> <span class='ocrx_word' id='word_1_150' title='bbox 1212 3791 1338 3866; x_wconf 84' lang='lat' dir='ltr'><strong>subtus</strong></span> 
     </span>
     <span class='ocr_line' id='line_1_25' title="bbox 362 3910 1340 4007; baseline -0.002 -19"><span class='ocrx_word' id='word_1_151' title='bbox 362 3912 558 4007; x_wconf 89' lang='lat' dir='ltr'><strong>utebatur,</strong></span> <span class='ocrx_word' id='word_1_152' title='bbox 571 3938 593 3986; x_wconf 88' lang='lat' dir='ltr'><strong>a</strong></span> <span class='ocrx_word' id='word_1_153' title='bbox 605 3915 694 3986; x_wconf 88' lang='lat' dir='ltr'><strong>vino</strong></span> <span class='ocrx_word' id='word_1_154' title='bbox 709 3915 863 3987; x_wconf 89' lang='lat' dir='ltr'><strong>omnino</strong></span> <span class='ocrx_word' id='word_1_155' title='bbox 877 3925 915 3986; x_wconf 87' lang='lat' dir='ltr'><strong>et</strong></span> <span class='ocrx_word' id='word_1_156' title='bbox 927 3912 1019 3986; x_wconf 84' lang='lat' dir='ltr'><strong>cibis</strong></span> <span class='ocrx_word' id='word_1_157' title='bbox 1031 3910 1254 3986; x_wconf 86' lang='lat' dir='ltr'><strong>lautioribus</strong></span> <span class='ocrx_word' id='word_1_158' title='bbox 1271 3911 1340 3986; x_wconf 81' lang='lat' dir='ltr'><strong>aba·</strong></span> 
     </span>
     <span class='ocr_line' id='line_1_26' title="bbox 365 4036 1336 4138; baseline 0 -32"><span class='ocrx_word' id='word_1_159' title='bbox 365 4036 505 4130; x_wconf 85' lang='lat' dir='ltr'><strong>tineus,</strong></span> <span class='ocrx_word' id='word_1_160' title='bbox 524 4059 620 4138; x_wconf 86' lang='lat' dir='ltr'><strong>pane</strong></span> <span class='ocrx_word' id='word_1_161' title='bbox 646 4048 840 4110; x_wconf 88' lang='lat' dir='ltr'><strong>contentus</strong></span> <span class='ocrx_word' id='word_1_162' title='bbox 868 4037 1110 4128; x_wconf 87' lang='lat' dir='ltr'><strong>servitorum,</strong></span> <span class='ocrx_word' id='word_1_163' title='bbox 1127 4037 1336 4135; x_wconf 87' lang='lat' dir='ltr'><strong>portionem</strong></span> 
     </span>
    </p>
   </div>
   <div class='ocr_carea' id='block_1_6' title="bbox 0 0 1456 4972">
    <p class='ocr_par' dir='ltr' id='par_1_6' title="bbox 0 0 1456 4972">
     <span class='ocr_line' id='line_1_27' title="bbox 0 0 1456 4972; baseline 0 4"><span class='ocrx_word' id='word_1_164' title='bbox 0 0 1456 4972; x_wconf 95' lang='lat' dir='ltr'><strong> </strong></span> 
     </span>
    </p>
   </div>
  </div>
 </body>
</html>
