3088 4968
489 601 492 608 »
548 577 786 626 mut-nimis.
1122 573 1158 627 21

176 747 305 819 omnia
324 749 431 845 quasi
454 757 649 844 tempestas
676 745 939 818 immanissima
958 744 1056 818 ferro
1072 771 1161 820 vas-

177 873 272 942 tavit
299 883 338 942 et
360 872 453 968 igni.
485 869 732 940 Perserutunti
757 868 787 938 si
812 865 915 966 quod
934 869 1080 966 signum
1097 894 1161 942 ec-

173 992 297 1066 clesiae
312 993 507 1090 patuisset,
522 990 669 1062 nullum
686 991 818 1062 veteris
833 990 961 1090 templi
975 990 1158 1064 indicium

175 1113 362 1213 parebat,
376 1116 463 1212 quia
476 1113 547 1188 loci
562 1115 672 1206 situs,
696 1112 871 1212 vepribus
893 1127 931 1186 et
949 1115 1065 1211 spinis
1080 1117 1160 1213 jam

175 1234 438 1308 inhorruerat:
455 1249 491 1308 et
503 1235 571 1308 ubi
585 1233 776 1334 quondam
790 1235 1027 1334 psallentium
1038 1233 1158 1330 chori,

175 1357 234 1432 ibi
261 1358 379 1430 lustra
413 1358 575 1432 ferarum
601 1356 838 1432 videbantur.
869 1356 1035 1432 Tandem
1063 1361 1161 1432 inter

174 1481 386 1577 fragmenta
409 1505 604 1553 murorum
633 1478 845 1578 diligentius
868 1480 1137 1579 contemplatus
1147 1501 1163 1572 ,·

173 1603 324 1674 invenit
349 1627 450 1674 aram
474 1605 510 1674 S.
535 1603 604 1675 Dei
629 1603 814 1700 genitricis
835 1603 985 1695 Mariae,
1017 1627 1156 1702 quam,

171 1725 265 1797 licet
286 1721 389 1798 inter
412 1739 568 1824 stragem
590 1750 810 1817 murorum,
829 1739 964 1798 tumen
994 1705 1158 1798 inlaesem

174 1846 304 1921 adhuc
320 1853 456 1922 servari
473 1849 652 1922 divinitus
672 1873 749 1928 non
771 1848 940 1946 ambigit.
964 1851 1045 1941 Qua
1063 1851 1104 1920 in
1119 1875 1160 1922 re

173 1969 357 2043 inteliexit
372 1973 431 2042 vir
446 1986 611 2063 sanctus,
629 1971 765 2075 (uobis
784 1995 935 2071 quoque
955 1972 1160 2071 intelligere

122 2189 126 2194 Ι
176 2091 316 2188 datur)
333 2093 387 2166 ibi
404 2093 626 2192 pontificalis
641 2091 964 2198 cathedrae'arcem
980 2097 1157 2188 extitisse,

179 2217 382 2310 praesertim
404 2241 491 2288 cum
508 2229 545 2286 et
563 2216 764 2311 Dionysius
775 2217 904 2316 papa,
928 2239 1038 2314 quem
1055 2218 1160 2316 juxta

178 2334 444 2410 chmnicorum
473 2336 586 2410 fidem
616 2339 723 2412 annis
748 2363 915 2412 cccxnr
947 2353 1032 2411 unte
1060 2341 1159 2414 Hor-

148 2457 345 2538 ‘misdsm'
363 2491 517 2566 papam,
542 2463 608 2566 qui
631 2479 797 2565 tempore
823 2464 895 2536 fuit
923 2468 963 2536 B.
989 2465 1155 2561 vedasti,

175 2599 320 2658 constat
336 2588 511 2662 Romanus
528 2586 685 2660 ecclesiae
708 2585 832 2660 sedem
856 2590 1035 2682 tenuisse3
1061 2591 1159 2664 inter

174 2723 346 2800 caeteras,
379 2707 444 2780 has
458 2733 607 2809 quoque
635 2709 762 2803 urbes,
785 2713 1025 2784 Cameracum
1047 2727 1158 2810 atque

176 2829 398 2902 Atrebatum
431 2829 650 2930 adscriptas,
688 2847 723 2905 et
755 2859 841 2906 cum
872 2835 947 2905 suis
974 2833 1158 2930 parochiis

178 2975 285 3048 aeque
302 2949 490 3024 distinctas
504 2954 715 3053 reliquerit,
734 2979 820 3026 cum
833 2953 995 3053 singulas
1015 2953 1157 3028 dioece-
1237 2945 1248 2962 ’

178 3095 251 3162 ses,
270 3075 552 3173 circumscriptis
569 3073 726 3167 finibus,
750 3074 955 3168 ordinavit,
975 3090 1011 3148 et
1028 3075 1158 3148 editio-

180 3217 237 3264 res
251 3219 415 3293 quasque
432 3196 751 3295 metropolitanas,
768 3196 957 3274 inferiores
973 3222 1061 3274 vero
1077 3198 1159 3270 suf-

184 3311 372 3410 fraganeas
388 3342 462 3391 esse
476 3319 647 3391 instituit.
882 3323 885 3330 ⁴
