3044 4968
575 573 818 624 emen-ramus.
1132 567 1188 626 itt

208 735 305 807 citur
344 732 491 809 Tethdo
538 738 744 836 episeopus.
793 739 977 832 Quoniam
1023 765 1186 842 naantxc

207 858 495 958 imperatorem,
533 859 719 933 malorum
751 861 887 936 scilicet
915 875 1113 960 tortorem,
1146 866 1186 940 in

205 978 379 1081 praedicti
389 979 481 1054 belli
491 984 647 1081 negotiis
659 996 881 1083 occupatum
893 1001 1085 1080 noverant,
1100 986 1186 1062 ideo

204 1103 431 1202 inpunitatis
461 1107 693 1180 securitatem
731 1105 961 1204 colligentes,
993 1109 1184 1210 episcopo,

207 1237 342 1324 utpote
356 1227 512 1327 simplici
525 1231 626 1320 viro,
645 1241 681 1301 et
694 1227 832 1327 linguae
847 1231 1005 1328 regioms
1026 1231 1155 1331 ignaro
1174 1286 1184 1328 ,

205 1347 374 1423 subdolis
385 1351 676 1450 suggestionibus
688 1353 842 1451 injurias
853 1375 948 1452 steps
958 1355 1184 1455 irmgabaut.

199 1471 418 1572 ¹Aliquando
434 1477 570 1548 etenim
587 1476 769 1550 Walterus
784 1477 898 1550 totius
909 1479 1073 1552 veritatis
1088 1477 1188 1552 effae-

203 1607 284 1688 tus,
303 1610 483 1695 praetenta
495 1625 564 1699 per
577 1597 707 1673 dolum
722 1599 798 1673 fide
818 1598 1043 1690 devotionis,
1066 1615 1186 1676 terro-

204 1741 284 1792 rem
296 1721 503 1794 verisimilis
515 1747 633 1796 causae
646 1725 851 1816 incutiens,
870 1723 1071 1818 illudebat3
1094 1725 1188 1800 fran-

204 1839 377 1916 dulenter
389 1867 476 1918 sane
493 1843 742 1937 denuncians,
759 1843 980 1918 lotharium
993 1873 1117 1946 regem
1137 1847 1187 1922 ad

204 1963 336 2038 urbem
350 1965 637 2061 incendendam,
652 1967 805 2042 collecta
813 1993 943 2062 manu,
954 1972 1078 2044 venire
1085 1995 1185 2070 para·

205 2099 285 2160 tum
299 2102 336 2160 et
348 2113 500 2164 omnem
509 2091 685 2162 viciniam
696 2089 837 2162 excidio
850 2089 1086 2164 oollatmum.
1104 2095 1186 2185 Qua
1339 2177 1348 2190 ,

207 2206 254 2281 de
266 2233 306 2282 rc
320 2211 456 2310 presul
479 2211 713 2310 perterritus,
730 2210 936 2283 Walterum
950 2212 1067 2286 multa
1084 2239 1185 2288 mer-

202 2331 293 2406 cede
312 2331 495 2426 donabat,
522 2333 608 2434 plus
633 2331 840 2434 pollicitus,
865 2334 895 2406 si
917 2337 1048 2434 quovis
1071 2335 1183 2410 modo

206 2469 317 2530 tantae
342 2459 452 2557 pestis
473 2457 666 2530 molimina
691 2468 872 2556 epacaret.
893 2459 966 2552 Qui
988 2457 1130 2560 fingens
1146 2485 1183 2534 se

201 2583 349 2654 mittere
361 2581 582 2680 legationem
599 2579 648 2653 ad
666 2581 803 2654 amicos
827 2593 865 2654 et
886 2584 1118 2684 propinquos
1142 2587 1181 2658 in

198 2701 318 2778 domo
332 2706 430 2804 regia
439 2717 640 2797 versantes,
649 2705 752 2803 quasi
767 2717 811 2775 ut
825 2729 947 2803 regem
955 2708 1179 2805 mitigarent,

198 2829 427 2928 interpositis
443 2828 585 2929 aliquot
595 2826 744 2920 diebus,
758 2824 806 2900 ad
817 2829 1031 2929 episcopum
1045 2831 1180 2904 iterum

200 2949 388 3045 veniebat,
406 2955 552 3052 suisque
565 2941 755 3052 precihus,
770 2975 911 3052 suoque
928 2953 1097 3052 ingenio,
1111 2979 1182 3056 pa-

199 3085 321 3146 ratam
335 3073 620 3174 expeditionem,
638 3099 722 3173 rege
737 3073 889 3174 quidem
904 3075 1152 3150 mansuefacto
1167 3129 1178 3169 ,

202 3198 381 3295 quievisse
408 3197 565 3272 referens
586 3199 792 3300 jactitabat.
823 3200 902 3271 Hac
927 3198 1058 3272 frande
1082 3201 1181 3300 epis-

207 3322 290 3419 copi
305 3324 459 3421 gratiam
472 3336 643 3421 captnns,
659 3323 856 3392 maximam
871 3321 1100 3418 opulentiam
1115 3320 1182 3392 do·

202 3467 337 3516 norum
352 3445 573 3544 excipiebat,
592 3445 709 3515 immo
726 3465 814 3515 vero
830 3465 916 3514 cum
940 3440 1019 3514 aliis
1038 3441 1180 3518 benefl-

200 3567 267 3641 ciis
280 3567 426 3661 villam,
447 3569 507 3641 cui
527 3592 664 3642 nomen
684 3565 880 3660 Lambrus,
905 3579 1115 3640 extorserat.
1137 3562 1182 3639 ld

178 3683 180 3690 ’
198 3715 352 3791 quoque
365 3686 601 3764 Heriwardus
614 3687 829 3791 aliquando.
847 3689 917 3762 Hic
930 3703 1015 3763 ante
1028 3715 1105 3792 prae
1120 3691 1182 3764 in-

198 3811 400 3908 fidelitate,
423 3815 551 3888 relicto
570 3817 760 3915 episcopo,
785 3813 996 3913 raptoribus
1019 3839 1181 3914 quorum

199 3940 430 4012 mentionem
440 3940 518 4039 Jam
530 3937 703 4029 lecimus,
718 3938 876 4010 llainero
891 3935 1061 4010 videlicet
1071 3949 1182 4036 atque

198 4059 424 4156 Lantberto,
442 4085 479 4136 se
493 4057 653 4140 addidit,
669 4061 921 4134 Veruntamen
938 4055 1007 4131 sub
1032 4054 1089 4130 his
1108 4081 1182 4158 pa-
