3088 4968
348 549 367 602 8
651 541 769 592 canora.
790 541 867 590 CAH.
886 544 928 588 ΕΤ
944 541 1020 588 arn.

346 628 1329 664 ,,,,,...ι....ι-------------

349 737 501 817 consilio
534 735 684 827 bonus,
714 733 834 830 'quam
869 725 1081 828 frequenter
1109 731 1322 802 innumeras

346 863 512 936 hostium
540 861 662 956 copias
691 877 806 954 parva
831 877 958 964 manu.
976 850 1133 943 fuderit,
1166 865 1323 921 nonest

345 985 534 1084 praesentis
547 979 717 1081 persequi
734 977 886 1073 negotii.
907 977 1040 1045 Parent
1058 987 1181 1045 autem
1204 997 1325 1070 usque
1401 1049 1404 1055 ,

344 1107 386 1176 in
415 1101 641 1175 hodiernum
678 1099 869 1170 constratis
893 1093 1084 1193 aggeribus
1113 1095 1194 1166 loca
1219 1093 1323 1193 aput}

344 1227 564 1320 Mariolum‚
579 1210 646 1300 ubi
657 1225 832 1296 Romanae
846 1220 937 1292 acies
950 1231 1066 1292 castra
1078 1230 1321 1294 metaverant.

676 1487 837 1669 (bap.
893 1540 999 1624 111.

346 1863 424 1913 QUOD
449 1863 557 1902 cuonlo
592 1863 672 1907 m,
696 1859 787 1900 mals
814 1857 1092 1902 umouarumus,
1123 1857 1183 1896 CUI!
1213 1855 1328 1897 unm!

371 1941 519 1980 nunulru
537 1938 719 1980 munuum}
737 1937 905 1982 munusue.
922 1936 1104 1978 cntsrmus
1117 1935 1328 1980 turmarum.

372 2018 473 2059 URBE!
490 2017 638 2059 ultumum

344 2269 530 2390 numqua
554 2306 759 2377 Cameracae
785 2304 889 2374 urbis
912 2303 998 2374 lieet
1024 2316 1154 2377 auctor
1180 2319 1217 2376 et
1240 2318 1327 2378 aetas

345 2438 442 2498 certa
456 2449 532 2496 non
547 2438 688 2522 pateat,
705 2427 802 2496 inter
813 2424 1037 2522 antiquiores
1051 2441 1174 2498 tamen
1186 2451 1325 2499 nomen
1383 2515 1390 2524 ¹

343 2557 381 2616 et
397 2544 533 2616 famam
550 2545 716 2616 obtinere
733 2569 834 2635 eam,
852 2567 908 2615 res
928 2546 1007 2642 ipsa
1028 2544 1195 2639 indicat,
1221 2546 1324 2646 quod

344 2669 384 2737 in
413 2670 519 2765 gestis
544 2668 785 2764 antiquorum
808 2669 943 2765 scripta
968 2691 1063 2766 saepe
1081 2683 1320 2741 memoratur.

343 2789 455 2862 Liber
469 2815 649 2889 namque,
665 2791 730 2887 qui
739 2788 895 2886 jubente
906 2789 1007 2861 Iulio
1021 2793 1160 2863 Caesare
1167 2817 1210 2864 ex
1222 2817 1326 2864 sena-

344 2913 586 2984 tus-consulto
600 2939 621 2982 a
632 2909 925 3010 prudentissimis
938 2913 1025 2984 viris
1040 2911 1086 2982 de
1105 2915 1324 3010 Cosmogra-

342 3029 433 3132 phia
442 3033 673 3124 inscribitur,
688 3033 755 3105 ubi
767 3030 919 3131 quidem
932 3035 1043 3106 totius
1055 3034 1154 3106 orbis
1163 3037 1320 3106 Romani

343 3157 505 3227 nominis
517 3154 773 3228 universaloca
781 3153 1321 3252 famosadistinguit‚Camera-

343 3301 428 3348 cum
437 3279 547 3348 etiam
561 3277 775 3350 intromittit
789 3329 798 3367 ‚
818 3289 855 3347 et
869 3289 1008 3374 quanto
1020 3302 1042 3349 a
1056 3280 1196 3376 Bagaso
1203 3288 1320 3351 castro

342 3397 469 3491 distet,
487 3399 526 3471 id
543 3414 596 3472 est
608 3401 722 3470 XVIII
740 3397 923 3492 millibus,
938 3397 1128 3474 evidenter
1144 3400 1316 3474 ostendit.

341 3522 474 3590 Narrat
486 3523 574 3590 item
585 3523 815 3590 Francorum
827 3517 981 3590 historia
990 3520 1110 3618 quod,
1124 3539 1319 3623 postquam

340 3639 547 3711 Dominioae
573 3641 769 3712 sanctionis
803 3641 1001 3734 sententia,
1036 3645 1165 3739 gentili
1195 3643 1319 3742 gladio

339 3757 505 3832 ferienda
527 3759 646 3832 Gallia
669 3757 891 3854 traderetur,
912 3764 1058 3834 Iustino
1078 3767 1316 3864 imperatore,

343 3880 474 3953 Clodio
501 3907 564 3955 rex
589 3880 780 3956 habitabat
811 3886 851 3956 in
878 3884 1057 3984 Disbargo
1083 3888 1247 3980 castello,
1277 3890 1316 3959 in

342 4001 479 4082 finibus
495 4009 761 4110 Toriugorum‚
783 4011 931 4111 regione
951 4011 1171 4088 Germaniae.
1195 4014 1241 4086 In
1260 4007 1317 4084 his
