<?xml version="1.0" encoding="UTF-8"?>
<!DOCTYPE html PUBLIC "-//W3C//DTD XHTML 1.0 Transitional//EN"
    "http://www.w3.org/TR/xhtml1/DTD/xhtml1-transitional.dtd">
<html xmlns="http://www.w3.org/1999/xhtml" xml:lang="en" lang="en">
 <head>
  <title>
</title>
<meta http-equiv="Content-Type" content="text/html;charset=utf-8" />
  <meta name='ocr-system' content='tesseract 3.04.00' />
  <meta name='ocr-capabilities' content='ocr_page ocr_carea ocr_par ocr_line ocrx_word'/>
</head>
<body>
  <div class='ocr_page' id='page_1' title='image "./chroniquedarras00glaygoog_0165.png"; bbox 0 0 3044 4968; ppageno 0'>
   <div class='ocr_carea' id='block_1_1' title="bbox 562 507 1172 603">
    <p class='ocr_par' dir='ltr' id='par_1_1' title="bbox 562 507 1172 603">
     <span class='ocr_line' id='line_1_1' title="bbox 562 507 1172 603; baseline 0 -2"><span class='ocrx_word' id='word_1_1' title='bbox 562 557 655 602; x_wconf 80' lang='lat' dir='ltr'>um</span> <span class='ocrx_word' id='word_1_2' title='bbox 670 553 799 603; x_wconf 72' lang='lat' dir='ltr'>rmus.</span> <span class='ocrx_word' id='word_1_3' title='bbox 1117 507 1172 601; x_wconf 52' lang='grc' dir='ltr'>ὦ</span> 
     </span>
    </p>
   </div>
   <div class='ocr_carea' id='block_1_2' title="bbox 187 715 1181 3140">
    <p class='ocr_par' dir='ltr' id='par_1_2' title="bbox 187 715 1181 3140">
     <span class='ocr_line' id='line_1_2' title="bbox 192 715 1173 817; baseline 0.004 -29"><span class='ocrx_word' id='word_1_4' title='bbox 192 729 308 809; x_wconf 86' lang='lat' dir='ltr'>teret,</span> <span class='ocrx_word' id='word_1_5' title='bbox 336 718 376 788; x_wconf 83' lang='lat' dir='ltr'>in</span> <span class='ocrx_word' id='word_1_6' title='bbox 404 720 485 816; x_wconf 85' lang='lat' dir='ltr'>ipso</span> <span class='ocrx_word' id='word_1_7' title='bbox 505 717 659 817; x_wconf 86' lang='lat' dir='ltr'>quidem</span> <span class='ocrx_word' id='word_1_8' title='bbox 682 715 805 790; x_wconf 86' lang='lat' dir='ltr'>reditu</span> <span class='ocrx_word' id='word_1_9' title='bbox 825 719 860 790; x_wconf 90' lang='lat' dir='ltr'>el</span> <span class='ocrx_word' id='word_1_10' title='bbox 879 719 1042 790; x_wconf 88' lang='lat' dir='ltr'>innotuit</span> <span class='ocrx_word' id='word_1_11' title='bbox 1056 717 1173 792; x_wconf 83' lang='lat' dir='ltr'>civilis</span> 
     </span>
     <span class='ocr_line' id='line_1_3' title="bbox 191 841 1173 938; baseline -0.001 -24"><span class='ocrx_word' id='word_1_12' title='bbox 191 841 432 938; x_wconf 73' lang='lat' dir='ltr'><strong>conspiratio.</strong></span> <span class='ocrx_word' id='word_1_13' title='bbox 448 842 578 914; x_wconf 80' lang='lat' dir='ltr'>statim</span> <span class='ocrx_word' id='word_1_14' title='bbox 599 864 705 936; x_wconf 83' lang='lat' dir='ltr'>ergo,</span> <span class='ocrx_word' id='word_1_15' title='bbox 730 843 817 938; x_wconf 86' lang='lat' dir='ltr'>quia</span> <span class='ocrx_word' id='word_1_16' title='bbox 836 861 920 912; x_wconf 87' lang='lat' dir='ltr'>suos</span> <span class='ocrx_word' id='word_1_17' title='bbox 940 853 1016 912; x_wconf 87' lang='lat' dir='ltr'>tam</span> <span class='ocrx_word' id='word_1_18' title='bbox 1035 843 1173 914; x_wconf 81' lang='lat' dir='ltr'>virtute</span> 
     </span>
     <span class='ocr_line' id='line_1_4' title="bbox 189 960 1173 1061; baseline 0 -25"><span class='ocrx_word' id='word_1_19' title='bbox 189 973 309 1058; x_wconf 81' lang='lat' dir='ltr'>quem</span> <span class='ocrx_word' id='word_1_20' title='bbox 326 985 490 1034; x_wconf 83' lang='lat' dir='ltr'>numero</span> <span class='ocrx_word' id='word_1_21' title='bbox 506 961 678 1036; x_wconf 74' lang='lat' dir='ltr'>adversus</span> <span class='ocrx_word' id='word_1_22' title='bbox 692 964 786 1034; x_wconf 83' lang='lat' dir='ltr'>tanti</span> <span class='ocrx_word' id='word_1_23' title='bbox 802 960 932 1061; x_wconf 93' lang='lat' dir='ltr'>populi</span> <span class='ocrx_word' id='word_1_24' title='bbox 946 961 1091 1035; x_wconf 89' lang='lat' dir='ltr'>turbam</span> <span class='ocrx_word' id='word_1_25' title='bbox 1110 966 1173 1036; x_wconf 90' lang='lat' dir='ltr'>in-</span> 
     </span>
     <span class='ocr_line' id='line_1_5' title="bbox 187 1081 1172 1184; baseline 0.002 -28"><span class='ocrx_word' id='word_1_26' title='bbox 187 1081 350 1156; x_wconf 83' lang='lat' dir='ltr'>feriores</span> <span class='ocrx_word' id='word_1_27' title='bbox 360 1081 531 1176; x_wconf 80' lang='lat' dir='ltr'>ridebat,</span> <span class='ocrx_word' id='word_1_28' title='bbox 545 1106 629 1158; x_wconf 85' lang='lat' dir='ltr'>eum</span> <span class='ocrx_word' id='word_1_29' title='bbox 643 1082 793 1183; x_wconf 87' lang='lat' dir='ltr'>grandis</span> <span class='ocrx_word' id='word_1_30' title='bbox 807 1084 1020 1181; x_wconf 74' lang='lat' dir='ltr'>ignominiae</span> <span class='ocrx_word' id='word_1_31' title='bbox 1035 1085 1172 1184; x_wconf 89' lang='lat' dir='ltr'>probro</span> 
     </span>
     <span class='ocr_line' id='line_1_6' title="bbox 189 1204 1174 1298; baseline 0.002 -20"><span class='ocrx_word' id='word_1_32' title='bbox 189 1208 267 1278; x_wconf 84' lang='lat' dir='ltr'>iter</span> <span class='ocrx_word' id='word_1_33' title='bbox 297 1204 437 1278; x_wconf 85' lang='lat' dir='ltr'>faetuni</span> <span class='ocrx_word' id='word_1_34' title='bbox 464 1229 675 1298; x_wconf 75' lang='lat' dir='ltr'><strong>remensus,</strong></span> <span class='ocrx_word' id='word_1_35' title='bbox 710 1210 921 1278; x_wconf 73' lang='lat' dir='ltr'>Brunmem</span> <span class='ocrx_word' id='word_1_36' title='bbox 954 1220 1045 1280; x_wconf 84' lang='lat' dir='ltr'>tune</span> <span class='ocrx_word' id='word_1_37' title='bbox 1077 1221 1174 1280; x_wconf 87' lang='lat' dir='ltr'>tem-</span> 
     </span>
     <span class='ocr_line' id='line_1_7' title="bbox 189 1327 1173 1427; baseline 0.005 -29"><span class='ocrx_word' id='word_1_38' title='bbox 189 1329 297 1426; x_wconf 91' lang='lat' dir='ltr'>poris</span> <span class='ocrx_word' id='word_1_39' title='bbox 327 1327 579 1402; x_wconf 83' lang='lat' dir='ltr'>monarchiam</span> <span class='ocrx_word' id='word_1_40' title='bbox 610 1331 715 1427; x_wconf 88' lang='lat' dir='ltr'>regni</span> <span class='ocrx_word' id='word_1_41' title='bbox 743 1329 811 1402; x_wconf 90' lang='lat' dir='ltr'>sub</span> <span class='ocrx_word' id='word_1_42' title='bbox 843 1329 956 1400; x_wconf 83' lang='lat' dir='ltr'>fratre</span> <span class='ocrx_word' id='word_1_43' title='bbox 985 1343 1173 1403; x_wconf 83' lang='lat' dir='ltr'>tenentem</span> 
     </span>
     <span class='ocr_line' id='line_1_8' title="bbox 190 1447 1169 1552; baseline 0.006 -32"><span class='ocrx_word' id='word_1_44' title='bbox 190 1447 428 1546; x_wconf 77' lang='lat' dir='ltr'>aggreditur,</span> <span class='ocrx_word' id='word_1_45' title='bbox 446 1453 592 1552; x_wconf 88' lang='lat' dir='ltr'>suisque</span> <span class='ocrx_word' id='word_1_46' title='bbox 609 1455 724 1524; x_wconf 86' lang='lat' dir='ltr'>causis</span> <span class='ocrx_word' id='word_1_47' title='bbox 738 1450 981 1525; x_wconf 89' lang='lat' dir='ltr'>declamando</span> <span class='ocrx_word' id='word_1_48' title='bbox 999 1453 1169 1550; x_wconf 90' lang='lat' dir='ltr'>prolatis,</span> 
     </span>
     <span class='ocr_line' id='line_1_9' title="bbox 187 1569 1172 1671; baseline 0.006 -28"><span class='ocrx_word' id='word_1_49' title='bbox 187 1569 328 1643; x_wconf 84' lang='lat' dir='ltr'>obnixe</span> <span class='ocrx_word' id='word_1_50' title='bbox 343 1569 562 1670; x_wconf 81' lang='lat' dir='ltr'>depreeatur</span> <span class='ocrx_word' id='word_1_51' title='bbox 576 1587 618 1642; x_wconf 87' lang='lat' dir='ltr'>ut</span> <span class='ocrx_word' id='word_1_52' title='bbox 631 1581 701 1643; x_wconf 77' lang='lat' dir='ltr'>sud</span> <span class='ocrx_word' id='word_1_53' title='bbox 711 1571 887 1646; x_wconf 78' lang='lat' dir='ltr'>videlieet</span> <span class='ocrx_word' id='word_1_54' title='bbox 893 1575 1086 1671; x_wconf 80' lang='lat' dir='ltr'>juvamine</span> <span class='ocrx_word' id='word_1_55' title='bbox 1101 1575 1172 1648; x_wconf 89' lang='lat' dir='ltr'>ful-</span> 
     </span>
     <span class='ocr_line' id='line_1_10' title="bbox 191 1691 1169 1796; baseline 0.007 -32"><span class='ocrx_word' id='word_1_56' title='bbox 191 1707 253 1764; x_wconf 85' lang='lat' dir='ltr'>tus</span> <span class='ocrx_word' id='word_1_57' title='bbox 275 1691 399 1764; x_wconf 88' lang='lat' dir='ltr'>sedem</span> <span class='ocrx_word' id='word_1_58' title='bbox 425 1693 585 1767; x_wconf 88' lang='lat' dir='ltr'>clausam</span> <span class='ocrx_word' id='word_1_59' title='bbox 608 1693 787 1768; x_wconf 88' lang='lat' dir='ltr'>violenter</span> <span class='ocrx_word' id='word_1_60' title='bbox 809 1697 923 1794; x_wconf 84' lang='lat' dir='ltr'>possit</span> <span class='ocrx_word' id='word_1_61' title='bbox 942 1698 1169 1796; x_wconf 85' lang='lat' dir='ltr'>irrumpere,</span> 
     </span>
     <span class='ocr_line' id='line_1_11' title="bbox 189 1813 1175 1918; baseline 0.004 -32"><span class='ocrx_word' id='word_1_62' title='bbox 189 1813 433 1912; x_wconf 76' lang='lat' dir='ltr'>debitamque</span> <span class='ocrx_word' id='word_1_63' title='bbox 452 1815 633 1887; x_wconf 87' lang='lat' dir='ltr'>ultionem</span> <span class='ocrx_word' id='word_1_64' title='bbox 652 1841 721 1916; x_wconf 90' lang='lat' dir='ltr'>pro</span> <span class='ocrx_word' id='word_1_65' title='bbox 736 1829 885 1915; x_wconf 81' lang='lat' dir='ltr'>accepta</span> <span class='ocrx_word' id='word_1_66' title='bbox 899 1818 1036 1914; x_wconf 86' lang='lat' dir='ltr'>injuria</span> <span class='ocrx_word' id='word_1_67' title='bbox 1054 1819 1093 1890; x_wconf 92' lang='lat' dir='ltr'>ln</span> <span class='ocrx_word' id='word_1_68' title='bbox 1108 1837 1175 1918; x_wconf 86' lang='lat' dir='ltr'>po-</span> 
     </span>
     <span class='ocr_line' id='line_1_12' title="bbox 192 1935 1175 2039; baseline 0.006 -32"><span class='ocrx_word' id='word_1_69' title='bbox 192 1935 287 2036; x_wconf 90' lang='lat' dir='ltr'>pulo</span> <span class='ocrx_word' id='word_1_70' title='bbox 313 1936 514 2010; x_wconf 78' lang='lat' dir='ltr'>rebellante</span> <span class='ocrx_word' id='word_1_71' title='bbox 542 1964 699 2012; x_wconf 85' lang='lat' dir='ltr'>exerere.</span> <span class='ocrx_word' id='word_1_72' title='bbox 729 1941 804 2011; x_wconf 89' lang='lat' dir='ltr'>Nec</span> <span class='ocrx_word' id='word_1_73' title='bbox 827 1937 999 2032; x_wconf 88' lang='lat' dir='ltr'>difficile,</span> <span class='ocrx_word' id='word_1_74' title='bbox 1025 1943 1175 2039; x_wconf 84' lang='lat' dir='ltr'>copiose</span> 
     </span>
     <span class='ocr_line' id='line_1_13' title="bbox 193 2057 1178 2157; baseline 0.002 -27"><span class='ocrx_word' id='word_1_75' title='bbox 193 2062 392 2157; x_wconf 79' lang='lat' dir='ltr'>impetrato</span> <span class='ocrx_word' id='word_1_76' title='bbox 406 2061 586 2150; x_wconf 73' lang='lat' dir='ltr'>exercitu,</span> <span class='ocrx_word' id='word_1_77' title='bbox 598 2057 798 2130; x_wconf 83' lang='lat' dir='ltr'>Amulium</span> <span class='ocrx_word' id='word_1_78' title='bbox 810 2075 959 2155; x_wconf 87' lang='lat' dir='ltr'>quoque</span> <span class='ocrx_word' id='word_1_79' title='bbox 970 2057 1178 2131; x_wconf 82' lang='lat' dir='ltr'>Flandren-</span> 
     </span>
     <span class='ocr_line' id='line_1_14' title="bbox 197 2177 1178 2278; baseline 0.001 -27"><span class='ocrx_word' id='word_1_80' title='bbox 197 2187 276 2251; x_wconf 85' lang='lat' dir='ltr'>sem</span> <span class='ocrx_word' id='word_1_81' title='bbox 291 2183 461 2254; x_wconf 80' lang='lat' dir='ltr'>comitem</span> <span class='ocrx_word' id='word_1_82' title='bbox 476 2179 612 2274; x_wconf 85' lang='lat' dir='ltr'>adivit,</span> <span class='ocrx_word' id='word_1_83' title='bbox 628 2179 830 2278; x_wconf 86' lang='lat' dir='ltr'>villamque</span> <span class='ocrx_word' id='word_1_84' title='bbox 845 2177 1021 2250; x_wconf 76' lang='lat' dir='ltr'>Lambrus</span> <span class='ocrx_word' id='word_1_85' title='bbox 1035 2177 1178 2278; x_wconf 82' lang='lat' dir='ltr'>pollici·</span> 
     </span>
     <span class='ocr_line' id='line_1_15' title="bbox 198 2297 1178 2402; baseline 0 -26"><span class='ocrx_word' id='word_1_86' title='bbox 198 2317 277 2395; x_wconf 84' lang='lat' dir='ltr'>tus,</span> <span class='ocrx_word' id='word_1_87' title='bbox 302 2319 387 2376; x_wconf 84' lang='lat' dir='ltr'>eum</span> <span class='ocrx_word' id='word_1_88' title='bbox 410 2303 480 2376; x_wconf 86' lang='lat' dir='ltr'>sibl</span> <span class='ocrx_word' id='word_1_89' title='bbox 509 2306 742 2395; x_wconf 88' lang='lat' dir='ltr'>consocium,</span> <span class='ocrx_word' id='word_1_90' title='bbox 769 2303 885 2402; x_wconf 72' lang='lat' dir='ltr'>immo</span> <span class='ocrx_word' id='word_1_91' title='bbox 909 2303 946 2373; x_wconf 83' lang='lat' dir='ltr'>el</span> <span class='ocrx_word' id='word_1_92' title='bbox 969 2297 1178 2401; x_wconf 86' lang='lat' dir='ltr'>adjutorem</span> 
     </span>
     <span class='ocr_line' id='line_1_16' title="bbox 200 2423 1179 2500; baseline 0.002 -4"><span class='ocrx_word' id='word_1_93' title='bbox 200 2423 385 2498; x_wconf 78' lang='lat' dir='ltr'>adhibuit.</span> <span class='ocrx_word' id='word_1_94' title='bbox 412 2429 517 2500; x_wconf 83' lang='lat' dir='ltr'>Cives</span> <span class='ocrx_word' id='word_1_95' title='bbox 539 2451 626 2499; x_wconf 84' lang='lat' dir='ltr'>vero</span> <span class='ocrx_word' id='word_1_96' title='bbox 654 2451 740 2500; x_wconf 92' lang='lat' dir='ltr'>cum</span> <span class='ocrx_word' id='word_1_97' title='bbox 762 2439 865 2498; x_wconf 86' lang='lat' dir='ltr'>tanto</span> <span class='ocrx_word' id='word_1_98' title='bbox 886 2423 1022 2497; x_wconf 83' lang='lat' dir='ltr'>auxillo</span> <span class='ocrx_word' id='word_1_99' title='bbox 1045 2430 1179 2500; x_wconf 85' lang='lat' dir='ltr'>reverti</span> 
     </span>
     <span class='ocr_line' id='line_1_17' title="bbox 199 2541 1181 2647; baseline 0.002 -27"><span class='ocrx_word' id='word_1_100' title='bbox 199 2541 486 2647; x_wconf 65' lang='lat' dir='ltr'>comperientes,</span> <span class='ocrx_word' id='word_1_101' title='bbox 501 2547 571 2620; x_wconf 89' lang='lat' dir='ltr'>sibi</span> <span class='ocrx_word' id='word_1_102' title='bbox 585 2544 775 2622; x_wconf 85' lang='lat' dir='ltr'>consulere</span> <span class='ocrx_word' id='word_1_103' title='bbox 790 2549 1038 2640; x_wconf 84' lang='lat' dir='ltr'>aestimarunt,</span> <span class='ocrx_word' id='word_1_104' title='bbox 1054 2547 1181 2647; x_wconf 92' lang='lat' dir='ltr'>longe-</span> 
     </span>
     <span class='ocr_line' id='line_1_18' title="bbox 197 2667 1181 2770; baseline 0.002 -28"><span class='ocrx_word' id='word_1_105' title='bbox 197 2690 273 2770; x_wconf 86' lang='lat' dir='ltr'>que</span> <span class='ocrx_word' id='word_1_106' title='bbox 310 2668 546 2743; x_wconf 74' lang='lat' dir='ltr'>dissimulatis</span> <span class='ocrx_word' id='word_1_107' title='bbox 579 2669 791 2745; x_wconf 88' lang='lat' dir='ltr'>rebellionis</span> <span class='ocrx_word' id='word_1_108' title='bbox 823 2667 1006 2761; x_wconf 88' lang='lat' dir='ltr'>motibus,</span> <span class='ocrx_word' id='word_1_109' title='bbox 1040 2671 1181 2770; x_wconf 86' lang='lat' dir='ltr'>absque</span> 
     </span>
     <span class='ocr_line' id='line_1_19' title="bbox 199 2792 1180 2892; baseline 0 -28"><span class='ocrx_word' id='word_1_110' title='bbox 199 2794 412 2892; x_wconf 79' lang='lat' dir='ltr'>suspicione</span> <span class='ocrx_word' id='word_1_111' title='bbox 437 2795 598 2886; x_wconf 85' lang='lat' dir='ltr'>veniret,</span> <span class='ocrx_word' id='word_1_112' title='bbox 632 2795 788 2866; x_wconf 82' lang='lat' dir='ltr'>nuncios</span> <span class='ocrx_word' id='word_1_113' title='bbox 818 2792 1050 2889; x_wconf 85' lang='lat' dir='ltr'>ablegarunt.</span> <span class='ocrx_word' id='word_1_114' title='bbox 1084 2793 1180 2864; x_wconf 91' lang='lat' dir='ltr'>Cum</span> 
     </span>
     <span class='ocr_line' id='line_1_20' title="bbox 202 2914 1179 3016; baseline -0.001 -26"><span class='ocrx_word' id='word_1_115' title='bbox 202 2918 277 2990; x_wconf 86' lang='lat' dir='ltr'>suis</span> <span class='ocrx_word' id='word_1_116' title='bbox 297 2917 423 3016; x_wconf 79' lang='lat' dir='ltr'>itaque</span> <span class='ocrx_word' id='word_1_117' title='bbox 449 2930 615 3011; x_wconf 86' lang='lat' dir='ltr'>tantum,</span> <span class='ocrx_word' id='word_1_118' title='bbox 640 2919 778 2992; x_wconf 82' lang='lat' dir='ltr'>caet&#39;eris</span> <span class='ocrx_word' id='word_1_119' title='bbox 797 2914 982 3016; x_wconf 78' lang='lat' dir='ltr'>siquidem</span> <span class='ocrx_word' id='word_1_120' title='bbox 998 2917 1179 3010; x_wconf 84' lang='lat' dir='ltr'>reversis,</span> 
     </span>
     <span class='ocr_line' id='line_1_21' title="bbox 202 3037 1091 3140; baseline 0 -30"><span class='ocrx_word' id='word_1_121' title='bbox 202 3037 337 3111; x_wconf 78' lang='lat' dir='ltr'>urbeili</span> <span class='ocrx_word' id='word_1_122' title='bbox 354 3049 409 3112; x_wconf 81' lang='lat' dir='ltr'>est</span> <span class='ocrx_word' id='word_1_123' title='bbox 423 3037 560 3140; x_wconf 87' lang='lat' dir='ltr'>absque</span> <span class='ocrx_word' id='word_1_124' title='bbox 576 3037 654 3113; x_wconf 88' lang='lat' dir='ltr'>ulla</span> <span class='ocrx_word' id='word_1_125' title='bbox 668 3039 883 3114; x_wconf 83' lang='lat' dir='ltr'>difficultate</span> <span class='ocrx_word' id='word_1_126' title='bbox 898 3056 1091 3137; x_wconf 82' lang='lat' dir='ltr'>regressus.</span> 
     </span>
    </p>
   </div>
   <div class='ocr_carea' id='block_1_3' title="bbox 473 3277 908 3468">
    <p class='ocr_par' dir='ltr' id='par_1_3' title="bbox 473 3277 908 3468">
     <span class='ocr_line' id='line_1_22' title="bbox 473 3277 908 3468; baseline -0.021 -55"><span class='ocrx_word' id='word_1_127' title='bbox 473 3277 635 3468; x_wconf 61' lang='lat' dir='ltr'>(bap.</span> <span class='ocrx_word' id='word_1_128' title='bbox 689 3333 908 3410; x_wconf 79' lang='lat' dir='ltr'>nxxxr.</span> 
     </span>
    </p>
   </div>
   <div class='ocr_carea' id='block_1_4' title="bbox 209 3580 1187 3718">
    <p class='ocr_par' dir='ltr' id='par_1_4' title="bbox 209 3580 1187 3718">
     <span class='ocr_line' id='line_1_23' title="bbox 209 3580 1187 3642; baseline -0.001 -5"><span class='ocrx_word' id='word_1_129' title='bbox 209 3584 460 3640; x_wconf 69' lang='lat' dir='ltr'>comisantium</span> <span class='ocrx_word' id='word_1_130' title='bbox 477 3580 829 3640; x_wconf 68' lang='lat' dir='ltr'>sinemurensem</span> <span class='ocrx_word' id='word_1_131' title='bbox 840 3591 915 3634; x_wconf 72' lang='lat' dir='ltr'>uuas</span> <span class='ocrx_word' id='word_1_132' title='bbox 929 3592 1035 3634; x_wconf 73' lang='lat' dir='ltr'>vuum</span> <span class='ocrx_word' id='word_1_133' title='bbox 1049 3591 1187 3642; x_wconf 70' lang='lat' dir='ltr'>toruae</span> 
     </span>
     <span class='ocr_line' id='line_1_24' title="bbox 417 3655 1083 3718; baseline -0.009 -2"><span class='ocrx_word' id='word_1_134' title='bbox 417 3667 674 3718; x_wconf 68' lang='lat' dir='ltr'>:ermonense</span> <span class='ocrx_word' id='word_1_135' title='bbox 690 3664 982 3714; x_wconf 72' lang='lat' dir='ltr'>ncfflsmnrvunsrr.</span> <span class='ocrx_word' id='word_1_136' title='bbox 1076 3655 1083 3668; x_wconf 87' lang='lat'>&#39;</span> 
     </span>
    </p>
   </div>
   <div class='ocr_carea' id='block_1_5' title="bbox 210 3873 1191 4133">
    <p class='ocr_par' dir='ltr' id='par_1_5' title="bbox 210 3873 1191 4133">
     <span class='ocr_line' id='line_1_25' title="bbox 210 3873 1189 4005; baseline -0.016 -21"><span class='ocrx_word' id='word_1_137' title='bbox 210 3873 309 3984; x_wconf 76' lang='lat' dir='ltr'>Nnc</span> <span class='ocrx_word' id='word_1_138' title='bbox 326 3903 449 3976; x_wconf 89' lang='lat' dir='ltr'>multo</span> <span class='ocrx_word' id='word_1_139' title='bbox 473 3919 573 4004; x_wconf 89' lang='lat' dir='ltr'>post,</span> <span class='ocrx_word' id='word_1_140' title='bbox 595 3921 671 4005; x_wconf 83' lang='lat' dir='ltr'>pree</span> <span class='ocrx_word' id='word_1_141' title='bbox 694 3903 843 3977; x_wconf 85' lang='lat' dir='ltr'>levitate</span> <span class='ocrx_word' id='word_1_142' title='bbox 861 3925 936 3973; x_wconf 81' lang='lat' dir='ltr'>suae</span> <span class='ocrx_word' id='word_1_143' title='bbox 956 3895 1160 3968; x_wconf 75' lang='lat' dir='ltr'>insolentiae</span> <span class='ocrx_word' id='word_1_144' title='bbox 1176 3947 1189 3989; x_wconf 84' lang='lat'>,</span> 
     </span>
     <span class='ocr_line' id='line_1_26' title="bbox 211 4015 1191 4133; baseline -0.014 -25"><span class='ocrx_word' id='word_1_145' title='bbox 211 4030 369 4133; x_wconf 65' lang='lat' dir='ltr'>praefato</span> <span class='ocrx_word' id='word_1_146' title='bbox 384 4028 511 4102; x_wconf 85' lang='lat' dir='ltr'>comiti</span> <span class='ocrx_word' id='word_1_147' title='bbox 525 4025 699 4120; x_wconf 81' lang='lat' dir='ltr'>Amulio,</span> <span class='ocrx_word' id='word_1_148' title='bbox 718 4027 822 4124; x_wconf 86' lang='lat' dir='ltr'>cujus</span> <span class='ocrx_word' id='word_1_149' title='bbox 837 4021 972 4097; x_wconf 79' lang='lat' dir='ltr'>auxilio</span> <span class='ocrx_word' id='word_1_150' title='bbox 986 4015 1118 4093; x_wconf 90' lang='lat' dir='ltr'>urbem</span> <span class='ocrx_word' id='word_1_151' title='bbox 1135 4044 1191 4095; x_wconf 89' lang='lat' dir='ltr'>re-</span> 
     </span>
    </p>
   </div>
   <div class='ocr_carea' id='block_1_6' title="bbox 0 0 1526 4968">
    <p class='ocr_par' dir='ltr' id='par_1_6' title="bbox 0 0 1526 4968">
     <span class='ocr_line' id='line_1_27' title="bbox 0 0 1526 4968; baseline 0 0"><span class='ocrx_word' id='word_1_152' title='bbox 0 0 1526 4968; x_wconf 95' lang='lat' dir='ltr'> </span> 
     </span>
    </p>
   </div>
  </div>
 </body>
</html>
