2906 4970
988 537 1348 552 Ἤ

391 583 448 638 352
696 593 816 638 ennon.
836 591 914 638 cau.
934 593 976 635 nr
997 589 1073 635 arn.

389 765 426 824 et
441 754 671 854 principibus
686 757 764 853 ejus
781 757 819 826 in
834 778 968 852 magna
981 751 1119 850 gloria,
1143 765 1182 824 et
1203 765 1351 850 receptus

390 881 443 945 es't
459 899 482 944 a
496 877 570 946 suis
584 900 670 947 cum
686 877 889 972 gratiarum
904 875 1066 964 actione,
1086 883 1123 944 et
1143 871 1272 944 laetitia
1286 897 1352 943 ma-

390 1021 476 1093 gna.
494 997 677 1089 Pontifex,
693 997 787 1071 facta
801 995 978 1070 fidelitate
992 996 1232 1094 imperatori,
1247 1009 1281 1066 et
1296 1019 1352 1065 om·

391 1118 501 1192 nibus
529 1120 823 1218 competentibus
855 1117 1083 1217 adimpletis,
1114 1118 1296 1215 satagebat
1315 1113 1352 1187 ad

392 1244 575 1316 civitatem
590 1267 693 1314 suam
708 1245 854 1316 reverti.
878 1245 971 1335 Sane
989 1239 1179 1314 lohannes
1201 1239 1281 1330 ille,
1301 1241 1353 1338 qui

392 1367 425 1436 ei
440 1363 601 1437 infensus
618 1367 804 1437 Cameraci
825 1377 1068 1454 remanserat,
1092 1361 1257 1454 audivit,
1273 1383 1353 1462 pra-

392 1499 564 1559 currente
591 1483 707 1578 fama,
731 1485 834 1586 quod
860 1486 998 1558 factum
1026 1483 1174 1578 fuerat3
1204 1487 1289 1584 quia
1313 1486 1350 1557 D.

392 1609 436 1680 L.
470 1621 619 1706 accepto
652 1611 864 1708 episcopatu
909 1609 1015 1680 laetus
1055 1607 1256 1680 remeabat.
1289 1610 1352 1680 Hae

395 1755 464 1830 pro
478 1755 585 1804 causa
599 1731 706 1804 valde
723 1733 910 1826 irascitur,
927 1755 1124 1830 secumque
1142 1727 1209 1802 diu
1227 1743 1352 1830 reputat

393 1854 486 1954 quid
512 1881 604 1955 opus
630 1858 676 1928 sit
699 1855 811 1930 factu.
845 1860 972 1928 Postea
999 1853 1169 1927 satellites
1191 1856 1231 1926 in
1253 1877 1351 1925 unum

394 1991 592 2070 convocat,
622 1981 745 2077 eisque
764 1990 943 2050 secretum
967 1977 1081 2047 animi
1100 1979 1157 2047 sui
1180 1978 1350 2065 insinuat,

394 2097 519 2173 diceus
546 2125 583 2173 se
614 2103 658 2172 L.
691 2125 812 2200 nuper
831 2101 1002 2197 episcopo
1021 2097 1118 2170 facto
1142 2095 1286 2169 nullum
1305 2099 1351 2168 in-

394 2223 547 2296 troitum
564 2225 931 2296 civitatisCameracoe
944 2218 1151 2317 indulgere,
1162 2222 1232 2292 nisi
1244 2245 1279 2292 se
1289 2241 1351 2291 cas-

394 2344 573 2417 tellanum
600 2347 703 2443 prius
731 2347 844 2444 ipsius
871 2345 1026 2417 civitatis
1053 2341 1214 2415 voluerit
1241 2341 1349 2415 lacere.

394 2469 571 2566 Praecepit
584 2469 696 2566 igitur
713 2469 886 2540 omnibus
903 2465 993 2556 illis,
1013 2476 1159 2562 paratos
1179 2489 1253 2537 esse
1271 2487 1351 2538 sem·

394 2613 462 2687 per
475 2591 514 2660 in
528 2592 656 2681 armis,
675 2588 723 2662 ad
737 2585 993 2687 repellendum
1008 2588 1225 2686 episcopum
1245 2585 1349 2672 illum,

395 2715 465 2785 nisi
479 2713 547 2786 sibi
569 2713 699 2787 hocin
723 2710 824 2784 dono
843 2711 1066 2784 satisfecerit.
1091 2711 1188 2782 Dein
1216 2723 1349 2783 matrem

394 2835 583 2910 ecclesiam
603 2839 639 2908 S.
665 2836 791 2908 Mariae
814 2833 997 2907 violenter
1017 2833 1168 2922 invasit,
1193 2847 1229 2904 ct
1251 2831 1350 2930 ejectis

395 2959 606 3048 canonicis,
639 2955 828 3029 thesauros
854 2954 1031 3046 ecclesiae,
1063 2966 1099 3024 et
1123 2951 1351 3051 quodcunque

396 3081 496 3151 intus
514 3081 673 3173 invenit,
693 3077 827 3151 ditioni
840 3103 915 3151 suae
930 3076 1175 3175 mancipavit,
1193 3071 1351 3148 custodes

397 3225 470 3300 que
490 3226 574 3272 suos
599 3216 756 3273 armatos
778 3203 873 3273 inibi
893 3202 1029 3300 posuit.
1039 3197 1228 3270 Basilicam
1247 3199 1351 3294 itaque

396 3321 646 3423 pontificalem
662 3349 750 3396 cum
767 3322 949 3395 militibus
965 3323 1039 3394 suis
1054 3323 1217 3412 introiit,
1233 3333 1267 3392 et
1282 3339 1351 3389 uro

396 3469 475 3522 rem
491 3468 595 3519 suam
609 3447 648 3516 in
666 3470 811 3519 camera
824 3441 1267 3546 pontificisintroduccns‚
1280 3453 1353 3512 stra-

397 3578 478 3640 tum
492 3593 602 3640 suum
617 3569 656 3639 in
669 3567 763 3640 lecto
786 3567 990 3668 pontificali
1010 3567 1131 3667 parari
1151 3565 1252 3652 lecit,
1275 3561 1351 3636 sibi·

398 3713 471 3788 que
484 3703 520 3762 et
531 3689 746 3764 satellitibus
756 3695 847 3784 suis,
863 3692 910 3766 de
924 3688 1198 3795 pontificalibus
1212 3685 1351 3788 sumpti·

398 3810 468 3887 bus
482 3816 657 3917 praecepit
671 3817 886 3894 ministrari.
