2932 4974
571 559 573 564 -
591 538 691 583 trena
708 536 838 582 narnus.
1151 531 1206 584 tot

197 757 203 764 .
224 700 313 774 meli
326 725 442 800 regno
457 701 633 774 exoritur.
649 700 743 770 Nam
754 713 797 770 ut
807 725 844 771 se
858 698 970 772 habet
983 697 1206 798 inquietudo

197 881 203 886 .
223 849 396 916 morum,
412 827 531 895 immo
545 835 612 894 aut
625 817 808 895 saecularis
820 822 994 914 ambitio,
1006 821 1205 896 Lotharius

221 947 496 1038 rex,Henrieue
504 969 667 1045 quoque,
686 942 1078 1042 duxBajoariorum,in
1089 947 1206 1044 prisca

222 1066 315 1140 odia
328 1064 610 1159 recrudescunt,
626 1085 756 1166 pacem
771 1065 923 1164 quidem
939 1064 1039 1138 hello
1061 1071 1207 1139 mute'n-

226 1201 302 1281 tes,
320 1202 358 1260 et
373 1187 474 1288 quod
488 1201 592 1288 patre
606 1191 691 1262 vivo
708 1201 785 1261 'non
799 1201 989 1288 poterant,
1010 1188 1124 1261 modo‘
1139 1193 1207 1262 s'u-

225 1313 373 1410 perstiti
386 1311 503 1384 libero
517 1313 706 1410 aequivoco
719 1313 822 1410 regni
836 1315 1117 1412 praerogativam
1132 1317 1208 1386 eri-
1255 1295 1256 1298 Ἴ

223 1457 317 1531 pere
335 1434 509 1524 nitentes,
533 1429 582 1504 ad
601 1429 808 1532 usurpandi
831 1435 980 1533 imperii
1002 1437 1207 1534 potentiam

221 1552 419 1628 intendere
425 1557 664 1629 aestimarunt.
676 1557 880 1630 Huiccnim
894 1558 1108 1656 proximitas
1114 1557 1185 1631 loci
1192 1611 1207 1654 ,

222 1677 281 1750 illi
288 1705 375 1752 vero
387 1676 615 1752 necessitudo
622 1677 995 1778 generisadspirabat.
1011 1681 1096 1754 Dux
1107 1683 1210 1754 nimi·

221 1827 311 1876 rum
327 1803 521 1874 Heinricus
541 1804 684 1900 regium
707 1827 867 1901 puerum
891 1801 1038 1906 factiose
1058 1818 1208 1903 raptum

223 1923 426 1997 tenebatin
437 1921 651 1998 custodiam
667 1977 678 2016 ,
694 1926 802 2023 eique
821 1927 960 1997 cacteris
976 1924 1209 2022 principibus

223 2047 349 2119 invitis
378 2059 492 2144 atque
520 2042 757 2134 dolentibus,
790 2046 1020 2142 imperialem
1052 2047 1208 2142 gratiam

229 2165 578 2240 adimebat.1nterea
585 2163 1208 2258 mortuowifrido,virdunensium

226 2295 418 2392 episcopo,
437 2290 563 2364 multis
579 2288 745 2389 profecto
762 2289 1026 2389 episcopalium
1045 2291 1207 2366 militum

227 2412 496 2503 resistentibus,
512 2411 655 2511 aliquot
673 2437 760 2486 vero
776 2412 1112 2510 consentientibus,
1139 2441 1208 2488 ur-

225 2536 312 2608 bem
323 2561 412 2608 cum
428 2549 653 2633 praesumpta
666 2533 916 2608 vindicatione
930 2534 1128 2609 Lotharius
1145 2539 1208 2609 in-

223 2656 406 2755 greditur.
424 2657 521 2728 Dein
535 2681 686 2754 quoque
701 2659 955 2755 episcopatum
968 2660 1208 2730 Cameracen-

223 2783 321 2852 sium
336 2805 372 2853 se
386 2793 656 2878 occupaturum
676 2803 749 2852 csse
771 2781 949 2851 minatur.
969 2781 1050 2872 Qua
1080 2781 1119 2852 in
1151 2807 1204 2875 re,

223 2901 437 2976 Rothardus
448 2903 626 3004 pontifex,
644 2901 746 2976 haud
761 2901 939 2979 mediocri
956 2915 1096 2978 terrore
1107 2931 1205 2978 com·

224 3041 368 3118 motus,
383 3027 648 3128 sapientissimo
665 3041 787 3101 tamen
801 3027 955 3100 consilio
970 3053 1070 3120 usus,
1084 3053 1207 3126 regem

226 3149 418 3224 humiliter
434 3147 666 3248 aggreditur,
685 3165 721 3222 et
736 3154 775 3223 in
793 3164 938 3222 tantum
955 3154 1033 3248 ejus
1050 3153 1207 3247 gratiam

230 3273 329 3346 molli
347 3299 454 3373 prece
469 3285 673 3362 mercatur,
690 3285 733 3344 ut
750 3273 852 3370 prius
874 3271 967 3341 urbe
989 3269 1206 3342 Leodecen·-

226 3398 320 3469 sium
338 3409 466 3495 capta,
482 3397 661 3494 priusque
678 3393 877 3492 aliquantis
893 3392 1107 3490 principum
1130 3393 1206 3463 Lo-

164 3587 169 3595 .
224 3518 466 3592 thariensium
481 3517 702 3615 subjugatis,
720 3517 795 3616 ipse
811 3512 1207 3614 quoquepostmodum

224 3641 362 3741 absque
379 3639 596 3712 difficultate
610 3640 866 3739 subjiceretur.
879 3629 973 3711 vPace
992 3641 1116 3740 itaque
1139 3644 1208 3712 im·
1262 3707 1266 3714 .

224 3779 389 3864 petrata,
417 3789 480 3863 spe
508 3777 631 3837 tamen
661 3787 853 3862 suspensa,
888 3765 1037 3835 interim
1065 3765 1207 3861 quievit

226 3886 333 3980 dum,
352 3889 515 3960 Domino
529 3885 748 3987 adjuvante,
767 3913 926 3986 puerum
942 3899 1115 3983 captum,
1136 3885 1204 3956 im·

228 4013 408 4110 peratoris
425 4010 545 4084 filium
560 4014 618 4084 sui
638 4013 820 4112 principes
837 4009 885 4084 de
912 4032 1027 4080 manu
1049 4009 1208 4080 tonantii
