2932 4974
315 527 372 583 too
561 510 565 519 '
606 535 726 583 canon.
750 536 830 584 cxx.
849 538 892 583 nr
914 538 992 584 xre.

313 695 486 770 bentibus
496 699 738 797 ‚⁴imperator,
755 712 923 774 revocata
939 725 1055 774 manu
1071 699 1230 793 abella,
1249 699 1301 774 ad

314 819 441 893 villam
466 819 653 914 Polidam,
681 824 872 921 propriam
896 820 1068 896 videlicet
1087 819 1229 911 sedem,
1254 826 1298 894 in

315 943 437 1015 natale
450 943 604 1016 Domini
618 957 671 1016 est
693 967 870 1016 reversus.
894 943 968 1016 Ubi
988 967 1075 1017 cum
1098 947 1133 1018 ei
1153 948 1299 1018 vacatio

317 1067 586 1140 Cameracensis
599 1065 759 1142 ecclesiae
773 1069 999 1165 suggeritur,
1017 1067 1301 1142 communisuf·

317 1187 433 1286 fregio
453 1203 489 1261 et
502 1188 762 1262 acclamatione
779 1187 1096 1283 Lothariensium‚
1123 1167 1239 1264 immo
1260 1207 1301 1264 et

319 1311 476 1384 obtentu
501 1310 680 1405 Nocheri,
701 1310 989 1386 Leodecensium
1002 1313 1192 1414 episcopi,
1218 1317 1300 1387 Ro-

321 1419 526 1506 thaidem
554 1436 725 1533 prosapia
749 1433 867 1506 nobili
895 1448 995 1528 orto,
1030 1438 1101 1534 piis
1130 1437 1300 1510 moribus

323 1555 688 1648 adornato,infulam
699 1557 915 1656 praesulatus
925 1558 1142 1657 impertivit}
1155 1561 1300 1659 quippe

324 1681 506 1752 aestimans
534 1677 642 1750 illurn
661 1676 870 1751 lenitudine
889 1680 1029 1778 ingenii
1047 1683 1201 1756 saevitias
1224 1684 1300 1770 Ca-

324 1804 588 1876 meracensium
611 1825 715 1900 posse
733 1795 1099 1903 pressurum.'Hujus
1118 1801 1209 1878 doni
1228 1829 1300 1877 su-

322 1924 504 1998 blimitate
531 1921 686 2024 adepta,
713 1927 809 1998 circa
839 1927 989 1998 initium
1009 1924 1300 2026 quadragesimae

324 2049 559 2122 commissum
584 2073 730 2148 gregem
760 2049 896 2140 visens,
916 2047 1051 2137 urbem
1071 2051 1198 2149 petiit;
1230 2073 1302 2124 nec

323 2169 442 2243 multo
463 2184 546 2270 post
562 2170 609 2243 ab
622 2170 825 2263 Alberone,
843 2173 1079 2244 Remensium'
1096 2171 1303 2273 archiepis-

323 2317 432 2392 copo,
450 2319 595 2366 summa
610 2319 697 2366 cum
711 2296 946 2366 veneratione
961 2293 1150 2368 ordinatus
1165 2310 1229 2388 est,
1246 2311 1302 2368 ut·

322 2427 409 2512 pote
424 2440 510 2506 cnm
524 2439 600 2514 quo
615 2418 815 2488 amicitiam
829 2431 866 2488 et
882 2415 1168 2492 familiaritatem
1182 2445 1204 2492 a
1218 2445 1307 2520 pue·

323 2560 366 2608 ro
380 2537 540 2630 tenebat,
557 2563 600 2640 ex
613 2562 688 2636 quo
703 2537 873 2612 videlicet
887 2543 926 2611 in
941 2539 1075 2614 scholis
1088 2543 1301 2644 Gorgiensis

323 2662 534 2734 monasterii
550 2662 689 2759 pariter
705 2659 949 2762 condiscipuli
963 2665 1169 2738 extiterant.
1264 2694 1266 2699 ’

666 2877 826 3061 illac.
884 2929 980 3006 cu.

400 3173 480 3225 QUOD
495 3173 568 3216 tm
583 3173 739 3216 mom
754 3173 929 3218 ffl'rffllffl
940 3175 1102 3222 mcum
1113 3179 1224 3224 mm.

328 3359 549 3474 Soscrnrans
564 3402 690 3499 itaque
703 3400 760 3472 vir
773 3396 990 3472 venerabilis
1003 3423 1185 3474 summam
1200 3405 1309 3502 regi-¹

325 3523 453 3612 minis,
470 3522 781 3594 contumeliarum
795 3523 1087 3598 exacerbationes
1106 3525 1242 3598 multas
1264 3541 1305 3600 ct

324 3642 595 3741 inexplicabiles
608 3624 756 3742 reperit.
774 3642 869 3718 Urbs
881 3648 1017 3718 etenim
1037 3661 1134 3740 tota,
1158 3646 1307 3722 diverso

325 3763 459 3858 modo,
477 3791 552 3838 non
573 3779 718 3838 tantum
738 3771 887 3862 exteris,
907 3769 1102 3845 sedetiam
1125 3770 1309 3845 domesti-

324 3891 374 3964 cis
387 3889 679 3984 incussionibus,
696 3907 738 3964 ut
761 3918 872 3992 supra
896 3890 1038 3967 dictum
1060 3909 1130 3989 est,
1152 3894 1310 3968 labora-

318 4010 405 4084 bat:
423 4011 527 4086 nulla
538 4037 609 4114 pax
623 4015 904 4093 interveniebat.
920 4014 991 4090 Sed
1013 4030 1056 4090 ut
1078 4017 1229 4124 reliqua
1243 4031 1311 4092 ta-
