<?xml version="1.0" encoding="UTF-8"?>
<!DOCTYPE html PUBLIC "-//W3C//DTD XHTML 1.0 Transitional//EN"
    "http://www.w3.org/TR/xhtml1/DTD/xhtml1-transitional.dtd">
<html xmlns="http://www.w3.org/1999/xhtml" xml:lang="en" lang="en">
 <head>
  <title>
</title>
<meta http-equiv="Content-Type" content="text/html;charset=utf-8" />
  <meta name='ocr-system' content='tesseract 3.04.00' />
  <meta name='ocr-capabilities' content='ocr_page ocr_carea ocr_par ocr_line ocrx_word'/>
</head>
<body>
  <div class='ocr_page' id='page_1' title='image "./chroniquedarras00glaygoog_0286.png"; bbox 0 0 2932 4974; ppageno 0'>
   <div class='ocr_carea' id='block_1_1' title="bbox 394 553 1072 609">
    <p class='ocr_par' dir='ltr' id='par_1_1' title="bbox 394 553 1072 609">
     <span class='ocr_line' id='line_1_1' title="bbox 394 553 1072 609; baseline -0.01 0"><span class='ocrx_word' id='word_1_1' title='bbox 394 553 452 609; x_wconf 72' lang='grc'><strong>948</strong></span> <span class='ocrx_word' id='word_1_2' title='bbox 685 557 806 604; x_wconf 73' lang='lat' dir='ltr'><strong>curor.</strong></span> <span class='ocrx_word' id='word_1_3' title='bbox 830 555 910 603; x_wconf 77' lang='lat' dir='ltr'><strong>carr.</strong></span> <span class='ocrx_word' id='word_1_4' title='bbox 929 559 972 602; x_wconf 82' lang='lat' dir='ltr'><strong>nr</strong></span> <span class='ocrx_word' id='word_1_5' title='bbox 994 557 1072 602; x_wconf 78' lang='lat' dir='ltr'><strong>arn.</strong></span> 
     </span>
    </p>
   </div>
   <div class='ocr_carea' id='block_1_2' title="bbox 393 709 1357 2038">
    <p class='ocr_par' dir='ltr' id='par_1_2' title="bbox 393 709 1357 2038">
     <span class='ocr_line' id='line_1_2' title="bbox 395 709 1356 824; baseline -0.005 -27"><span class='ocrx_word' id='word_1_6' title='bbox 395 749 469 824; x_wconf 88' lang='lat' dir='ltr'><strong>que</strong></span> <span class='ocrx_word' id='word_1_7' title='bbox 486 724 641 796; x_wconf 79' lang='lat' dir='ltr'><strong>civitatis</strong></span> <span class='ocrx_word' id='word_1_8' title='bbox 655 720 790 812; x_wconf 86' lang='lat' dir='ltr'><strong>aiebat,</strong></span> <span class='ocrx_word' id='word_1_9' title='bbox 805 744 1000 819; x_wconf 87' lang='lat' dir='ltr'><strong>nunquam</strong></span> <span class='ocrx_word' id='word_1_10' title='bbox 1013 720 1139 795; x_wconf 84' lang='lat' dir='ltr'><strong>aulam</strong></span> <span class='ocrx_word' id='word_1_11' title='bbox 1153 709 1288 819; x_wconf 70' lang='lat' dir='ltr'><strong>regiani</strong></span> <span class='ocrx_word' id='word_1_12' title='bbox 1297 720 1356 792; x_wconf 78' lang='lat' dir='ltr'><strong>fre·</strong></span> 
     </span>
     <span class='ocr_line' id='line_1_3' title="bbox 394 839 1356 946; baseline -0.002 -28"><span class='ocrx_word' id='word_1_13' title='bbox 394 839 613 946; x_wconf 73' lang='lat' dir='ltr'><strong>qirentaret.v</strong></span> <span class='ocrx_word' id='word_1_14' title='bbox 628 845 701 936; x_wconf 88' lang='lat' dir='ltr'><strong>Qui</strong></span> <span class='ocrx_word' id='word_1_15' title='bbox 719 847 890 938; x_wconf 82' lang='lat' dir='ltr'><strong>comites,</strong></span> <span class='ocrx_word' id='word_1_16' title='bbox 910 843 1089 918; x_wconf 79' lang='lat' dir='ltr'><strong>herilibus</strong></span> <span class='ocrx_word' id='word_1_17' title='bbox 1111 844 1356 944; x_wconf 85' lang='lat' dir='ltr'><strong>obtemperan-</strong></span> 
     </span>
     <span class='ocr_line' id='line_1_4' title="bbox 394 959 1356 1067; baseline -0.005 -25"><span class='ocrx_word' id='word_1_18' title='bbox 394 959 841 1067; x_wconf 77' lang='lat' dir='ltr'><strong>tesjussibns,Walterum</strong></span> <span class='ocrx_word' id='word_1_19' title='bbox 852 970 1095 1060; x_wconf 80' lang='lat' dir='ltr'><strong>conveniunt,</strong></span> <span class='ocrx_word' id='word_1_20' title='bbox 1103 968 1356 1067; x_wconf 82' lang='lat' dir='ltr'><strong>aopristinaere</strong></span> 
     </span>
     <span class='ocr_line' id='line_1_5' title="bbox 395 1085 1355 1186; baseline -0.007 -22"><span class='ocrx_word' id='word_1_21' title='bbox 395 1091 664 1164; x_wconf 79' lang='lat' dir='ltr'><strong>consiliationis</strong></span> <span class='ocrx_word' id='word_1_22' title='bbox 671 1085 873 1186; x_wconf 79' lang='lat' dir='ltr'><strong>ingratum,</strong></span> <span class='ocrx_word' id='word_1_23' title='bbox 882 1102 918 1162; x_wconf 90' lang='lat' dir='ltr'><strong>et</strong></span> <span class='ocrx_word' id='word_1_24' title='bbox 932 1085 1136 1164; x_wconf 79' lang='lat' dir='ltr'><strong>insolentiae</strong></span> <span class='ocrx_word' id='word_1_25' title='bbox 1150 1115 1254 1162; x_wconf 84' lang='lat' dir='ltr'><strong>reum</strong></span> <span class='ocrx_word' id='word_1_26' title='bbox 1269 1085 1355 1160; x_wconf 87' lang='lat' dir='ltr'><strong>haud</strong></span> 
     </span>
     <span class='ocr_line' id='line_1_6' title="bbox 394 1209 1357 1310; baseline -0.005 -25"><span class='ocrx_word' id='word_1_27' title='bbox 394 1209 1357 1310; x_wconf 80' lang='lat' dir='ltr'><strong>mollibusindignationismotibusredarguentes,plu·</strong></span> 
     </span>
     <span class='ocr_line' id='line_1_7' title="bbox 394 1331 1355 1431; baseline -0.003 -25"><span class='ocrx_word' id='word_1_28' title='bbox 394 1337 534 1407; x_wconf 81' lang='lat' dir='ltr'><strong>simum</strong></span> <span class='ocrx_word' id='word_1_29' title='bbox 549 1333 715 1431; x_wconf 77' lang='lat' dir='ltr'><strong>dequesti</strong></span> <span class='ocrx_word' id='word_1_30' title='bbox 733 1346 837 1404; x_wconf 86' lang='lat' dir='ltr'><strong>sunt:</strong></span> <span class='ocrx_word' id='word_1_31' title='bbox 855 1359 943 1405; x_wconf 89' lang='lat' dir='ltr'><strong>eum</strong></span> <span class='ocrx_word' id='word_1_32' title='bbox 964 1333 1135 1408; x_wconf 87' lang='lat' dir='ltr'><strong>videlicet</strong></span> <span class='ocrx_word' id='word_1_33' title='bbox 1154 1359 1234 1405; x_wconf 92' lang='lat' dir='ltr'><strong>non</strong></span> <span class='ocrx_word' id='word_1_34' title='bbox 1253 1331 1355 1404; x_wconf 79' lang='lat' dir='ltr'><strong>solum</strong></span> 
     </span>
     <span class='ocr_line' id='line_1_8' title="bbox 394 1448 1355 1554; baseline -0.005 -29"><span class='ocrx_word' id='word_1_35' title='bbox 394 1455 611 1554; x_wconf 77' lang='lat' dir='ltr'><strong>promissam</strong></span> <span class='ocrx_word' id='word_1_36' title='bbox 629 1449 927 1525; x_wconf 81' lang='lat' dir='ltr'><strong>emendaiionern</strong></span> <span class='ocrx_word' id='word_1_37' title='bbox 944 1455 1087 1527; x_wconf 87' lang='lat' dir='ltr'><strong>irritam</strong></span> <span class='ocrx_word' id='word_1_38' title='bbox 1101 1453 1237 1545; x_wconf 82' lang='lat' dir='ltr'><strong>fecisse,</strong></span> <span class='ocrx_word' id='word_1_39' title='bbox 1251 1448 1355 1525; x_wconf 87' lang='lat' dir='ltr'><strong>sedad</strong></span> 
     </span>
     <span class='ocr_line' id='line_1_9' title="bbox 396 1573 1356 1673; baseline -0.001 -29"><span class='ocrx_word' id='word_1_40' title='bbox 396 1585 638 1670; x_wconf 77' lang='lat' dir='ltr'><strong>angmentum</strong></span> <span class='ocrx_word' id='word_1_41' title='bbox 651 1597 727 1644; x_wconf 84' lang='lat' dir='ltr'><strong>sues</strong></span> <span class='ocrx_word' id='word_1_42' title='bbox 742 1573 967 1670; x_wconf 82' lang='lat' dir='ltr'><strong>tyrannidis,</strong></span> <span class='ocrx_word' id='word_1_43' title='bbox 991 1576 1086 1646; x_wconf 85' lang='lat' dir='ltr'><strong>iram</strong></span> <span class='ocrx_word' id='word_1_44' title='bbox 1108 1574 1269 1673; x_wconf 78' lang='lat' dir='ltr'><strong>episcopi</strong></span> <span class='ocrx_word' id='word_1_45' title='bbox 1288 1597 1356 1644; x_wconf 87' lang='lat' dir='ltr'><strong>am-</strong></span> 
     </span>
     <span class='ocr_line' id='line_1_10' title="bbox 393 1695 1357 1795; baseline 0 -29"><span class='ocrx_word' id='word_1_46' title='bbox 393 1695 726 1795; x_wconf 56' lang='lat' dir='ltr'><strong>pliusiprovoossse.</strong></span> <span class='ocrx_word' id='word_1_47' title='bbox 735 1695 812 1766; x_wconf 86' lang='lat' dir='ltr'><strong>Sibi</strong></span> <span class='ocrx_word' id='word_1_48' title='bbox 825 1698 926 1766; x_wconf 89' lang='lat' dir='ltr'><strong>enirn</strong></span> <span class='ocrx_word' id='word_1_49' title='bbox 939 1698 1051 1768; x_wconf 87' lang='lat' dir='ltr'><strong>totius</strong></span> <span class='ocrx_word' id='word_1_50' title='bbox 1067 1697 1127 1768; x_wconf 89' lang='lat' dir='ltr'><strong>rei</strong></span> <span class='ocrx_word' id='word_1_51' title='bbox 1134 1707 1357 1794; x_wconf 75' lang='lat' dir='ltr'><strong>praepotents·</strong></span> 
     </span>
     <span class='ocr_line' id='line_1_11' title="bbox 395 1816 1356 1917; baseline -0.001 -28"><span class='ocrx_word' id='word_1_52' title='bbox 395 1830 509 1890; x_wconf 90' lang='lat' dir='ltr'><strong>tatem</strong></span> <span class='ocrx_word' id='word_1_53' title='bbox 537 1821 685 1916; x_wconf 89' lang='lat' dir='ltr'><strong>penitus</strong></span> <span class='ocrx_word' id='word_1_54' title='bbox 713 1840 916 1916; x_wconf 86' lang='lat' dir='ltr'><strong>usurpare:</strong></span> <span class='ocrx_word' id='word_1_55' title='bbox 946 1820 1119 1917; x_wconf 86' lang='lat' dir='ltr'><strong>episeopo</strong></span> <span class='ocrx_word' id='word_1_56' title='bbox 1142 1841 1230 1890; x_wconf 88' lang='lat' dir='ltr'><strong>vero</strong></span> <span class='ocrx_word' id='word_1_57' title='bbox 1254 1816 1356 1892; x_wconf 84' lang='lat' dir='ltr'><strong>solum</strong></span> 
     </span>
     <span class='ocr_line' id='line_1_12' title="bbox 394 1937 1357 2038; baseline 0 -26"><span class='ocrx_word' id='word_1_58' title='bbox 394 1963 532 2014; x_wconf 89' lang='lat' dir='ltr'><strong>nomen</strong></span> <span class='ocrx_word' id='word_1_59' title='bbox 556 1963 600 2014; x_wconf 85' lang='lat' dir='ltr'><strong>ae</strong></span> <span class='ocrx_word' id='word_1_60' title='bbox 618 1941 777 2038; x_wconf 85' lang='lat' dir='ltr'><strong>speciem</strong></span> <span class='ocrx_word' id='word_1_61' title='bbox 800 1937 952 2012; x_wconf 86' lang='lat' dir='ltr'><strong>honoris</strong></span> <span class='ocrx_word' id='word_1_62' title='bbox 973 1939 1195 2038; x_wconf 83' lang='lat' dir='ltr'><strong>relinquere.</strong></span> <span class='ocrx_word' id='word_1_63' title='bbox 1215 1939 1273 2012; x_wconf 79' lang='lat' dir='ltr'><strong>Ad</strong></span> <span class='ocrx_word' id='word_1_64' title='bbox 1293 1938 1357 2012; x_wconf 89' lang='lat' dir='ltr'><strong>dis-</strong></span> 
     </span>
    </p>
   </div>
   <div class='ocr_carea' id='block_1_3' title="bbox 262 2056 1354 2158">
    <p class='ocr_par' dir='ltr' id='par_1_3' title="bbox 262 2056 1354 2158">
     <span class='ocr_line' id='line_1_13' title="bbox 262 2056 1354 2158; baseline -0.002 -26"><span class='ocrx_word' id='word_1_65' title='bbox 262 2095 265 2100; x_wconf 94' lang='lat'><em>·</em></span> <span class='ocrx_word' id='word_1_66' title='bbox 394 2063 545 2134; x_wconf 87' lang='lat' dir='ltr'><strong>trietum</strong></span> <span class='ocrx_word' id='word_1_67' title='bbox 571 2083 658 2157; x_wconf 77' lang='lat' dir='ltr'><strong>ergo</strong></span> <span class='ocrx_word' id='word_1_68' title='bbox 682 2056 869 2157; x_wconf 89' lang='lat' dir='ltr'><strong>judicium</strong></span> <span class='ocrx_word' id='word_1_69' title='bbox 889 2061 1120 2158; x_wconf 84' lang='lat' dir='ltr'><strong>imperatoris</strong></span> <span class='ocrx_word' id='word_1_70' title='bbox 1145 2059 1354 2149; x_wconf 84' lang='lat' dir='ltr'><strong>contendat,</strong></span> 
     </span>
    </p>
   </div>
   <div class='ocr_carea' id='block_1_4' title="bbox 353 2181 1357 4200">
    <p class='ocr_par' dir='ltr' id='par_1_4' title="bbox 353 2181 1357 4200">
     <span class='ocr_line' id='line_1_14' title="bbox 394 2181 1357 2279; baseline -0.001 -24"><span class='ocrx_word' id='word_1_71' title='bbox 394 2195 637 2257; x_wconf 87' lang='lat' dir='ltr'><strong>monuerunt.</strong></span> <span class='ocrx_word' id='word_1_72' title='bbox 652 2181 711 2254; x_wconf 84' lang='lat' dir='ltr'><strong>Ad</strong></span> <span class='ocrx_word' id='word_1_73' title='bbox 728 2181 809 2254; x_wconf 82' lang='lat' dir='ltr'><strong>haee</strong></span> <span class='ocrx_word' id='word_1_74' title='bbox 824 2181 887 2254; x_wconf 89' lang='lat' dir='ltr'><strong>ille</strong></span> <span class='ocrx_word' id='word_1_75' title='bbox 900 2185 1135 2279; x_wconf 84' lang='lat' dir='ltr'><strong>perterritus,</strong></span> <span class='ocrx_word' id='word_1_76' title='bbox 1155 2185 1357 2256; x_wconf 62' lang='lat' dir='ltr'><strong>moxsincre-</strong></span> 
     </span>
     <span class='ocr_line' id='line_1_15' title="bbox 394 2301 1356 2404; baseline -0.004 -26"><span class='ocrx_word' id='word_1_77' title='bbox 394 2303 520 2379; x_wconf 87' lang='lat' dir='ltr'><strong>dibilis</strong></span> <span class='ocrx_word' id='word_1_78' title='bbox 534 2306 763 2404; x_wconf 85' lang='lat' dir='ltr'><strong>poenitentiae</strong></span> <span class='ocrx_word' id='word_1_79' title='bbox 776 2304 935 2401; x_wconf 88' lang='lat' dir='ltr'><strong>speeiem</strong></span> <span class='ocrx_word' id='word_1_80' title='bbox 949 2301 1093 2398; x_wconf 88' lang='lat' dir='ltr'><strong>induit,</strong></span> <span class='ocrx_word' id='word_1_81' title='bbox 1114 2319 1151 2377; x_wconf 89' lang='lat' dir='ltr'><strong>et</strong></span> <span class='ocrx_word' id='word_1_82' title='bbox 1168 2330 1276 2404; x_wconf 87' lang='lat' dir='ltr'><strong>quem</strong></span> <span class='ocrx_word' id='word_1_83' title='bbox 1288 2327 1356 2377; x_wconf 90' lang='lat' dir='ltr'><strong>cre-</strong></span> 
     </span>
     <span class='ocr_line' id='line_1_16' title="bbox 395 2425 1354 2525; baseline -0.001 -27"><span class='ocrx_word' id='word_1_84' title='bbox 395 2425 499 2499; x_wconf 89' lang='lat' dir='ltr'><strong>deres</strong></span> <span class='ocrx_word' id='word_1_85' title='bbox 513 2425 668 2498; x_wconf 86' lang='lat' dir='ltr'><strong>ulterius</strong></span> <span class='ocrx_word' id='word_1_86' title='bbox 688 2427 925 2523; x_wconf 83' lang='lat' dir='ltr'><strong>nequaquam</strong></span> <span class='ocrx_word' id='word_1_87' title='bbox 947 2451 1020 2500; x_wconf 86' lang='lat' dir='ltr'><strong>esse</strong></span> <span class='ocrx_word' id='word_1_88' title='bbox 1039 2427 1250 2525; x_wconf 87' lang='lat' dir='ltr'><strong>lapsurum,</strong></span> <span class='ocrx_word' id='word_1_89' title='bbox 1270 2425 1354 2500; x_wconf 87' lang='lat' dir='ltr'><strong>ohsi-</strong></span> 
     </span>
     <span class='ocr_line' id='line_1_17' title="bbox 353 2544 1354 2646; baseline -0.002 -26"><span class='ocrx_word' id='word_1_90' title='bbox 353 2633 360 2644; x_wconf 75' lang='lat'><em>,</em></span> <span class='ocrx_word' id='word_1_91' title='bbox 393 2545 504 2620; x_wconf 87' lang='lat' dir='ltr'><strong>dibus</strong></span> <span class='ocrx_word' id='word_1_92' title='bbox 519 2544 671 2644; x_wconf 88' lang='lat' dir='ltr'><strong>quidem</strong></span> <span class='ocrx_word' id='word_1_93' title='bbox 686 2569 771 2617; x_wconf 86' lang='lat' dir='ltr'><strong>eum</strong></span> <span class='ocrx_word' id='word_1_94' title='bbox 785 2559 1013 2620; x_wconf 84' lang='lat' dir='ltr'><strong>sacramento</strong></span> <span class='ocrx_word' id='word_1_95' title='bbox 1029 2547 1179 2640; x_wconf 88' lang='lat' dir='ltr'><strong>oblatis,</strong></span> <span class='ocrx_word' id='word_1_96' title='bbox 1196 2549 1354 2646; x_wconf 77' lang='lat' dir='ltr'><strong>congestis</strong></span> 
     </span>
     <span class='ocr_line' id='line_1_18' title="bbox 392 2659 1350 2768; baseline -0.001 -27"><span class='ocrx_word' id='word_1_97' title='bbox 392 2671 504 2742; x_wconf 88' lang='lat' dir='ltr'><strong>etiam</strong></span> <span class='ocrx_word' id='word_1_98' title='bbox 517 2659 705 2768; x_wconf 79' lang='lat' dir='ltr'><strong>precibus,</strong></span> <span class='ocrx_word' id='word_1_99' title='bbox 719 2663 767 2738; x_wconf 93' lang='lat' dir='ltr'><strong>ad</strong></span> <span class='ocrx_word' id='word_1_100' title='bbox 787 2669 899 2739; x_wconf 89' lang='lat' dir='ltr'><strong>totius</strong></span> <span class='ocrx_word' id='word_1_101' title='bbox 910 2670 1053 2764; x_wconf 79' lang='lat' dir='ltr'><strong>generis</strong></span> <span class='ocrx_word' id='word_1_102' title='bbox 1068 2667 1350 2753; x_wconf 74' lang='lat' dir='ltr'><strong>satisfactionem,</strong></span> 
     </span>
     <span class='ocr_line' id='line_1_19' title="bbox 393 2785 1354 2888; baseline -0.002 -26"><span class='ocrx_word' id='word_1_103' title='bbox 393 2787 730 2864; x_wconf 82' lang='lat' dir='ltr'><strong>totasehuniilitate</strong></span> <span class='ocrx_word' id='word_1_104' title='bbox 744 2785 876 2885; x_wconf 85' lang='lat' dir='ltr'><strong>dejecit</strong></span> <span class='ocrx_word' id='word_1_105' title='bbox 885 2813 895 2859; x_wconf 81' lang='lat' dir='ltr'><strong>s</strong></span> <span class='ocrx_word' id='word_1_106' title='bbox 904 2785 997 2861; x_wconf 88' lang='lat' dir='ltr'><strong>adeo</strong></span> <span class='ocrx_word' id='word_1_107' title='bbox 1011 2813 1115 2881; x_wconf 89' lang='lat' dir='ltr'><strong>sane,</strong></span> <span class='ocrx_word' id='word_1_108' title='bbox 1125 2803 1168 2862; x_wconf 91' lang='lat' dir='ltr'><strong>nt</strong></span> <span class='ocrx_word' id='word_1_109' title='bbox 1178 2793 1285 2864; x_wconf 86' lang='lat' dir='ltr'><strong>etiam</strong></span> <span class='ocrx_word' id='word_1_110' title='bbox 1292 2791 1354 2888; x_wconf 89' lang='lat' dir='ltr'><strong>ipse</strong></span> 
     </span>
     <span class='ocr_line' id='line_1_20' title="bbox 391 2909 1354 3008; baseline -0.004 -24"><span class='ocrx_word' id='word_1_111' title='bbox 391 2912 442 2984; x_wconf 89' lang='lat' dir='ltr'><strong>D.</strong></span> <span class='ocrx_word' id='word_1_112' title='bbox 452 2910 897 3008; x_wconf 82' lang='lat' dir='ltr'><strong>episeopus,miseratione</strong></span> <span class='ocrx_word' id='word_1_113' title='bbox 913 2909 1092 3008; x_wconf 84' lang='lat' dir='ltr'><strong>pulsatus,</strong></span> <span class='ocrx_word' id='word_1_114' title='bbox 1100 2913 1212 2983; x_wconf 84' lang='lat' dir='ltr'><strong>iratos</strong></span> <span class='ocrx_word' id='word_1_115' title='bbox 1224 2912 1354 2983; x_wconf 81' lang='lat' dir='ltr'><strong>eontites</strong></span> 
     </span>
     <span class='ocr_line' id='line_1_21' title="bbox 392 3029 1352 3130; baseline -0.001 -29"><span class='ocrx_word' id='word_1_116' title='bbox 392 3029 564 3130; x_wconf 81' lang='lat' dir='ltr'><strong>precibus</strong></span> <span class='ocrx_word' id='word_1_117' title='bbox 577 3030 773 3126; x_wconf 82' lang='lat' dir='ltr'><strong>mitigaret.</strong></span> <span class='ocrx_word' id='word_1_118' title='bbox 782 3031 865 3120; x_wconf 83' lang='lat' dir='ltr'><strong>Quo</strong></span> <span class='ocrx_word' id='word_1_119' title='bbox 876 3044 1037 3128; x_wconf 85' lang='lat' dir='ltr'><strong>petente,</strong></span> <span class='ocrx_word' id='word_1_120' title='bbox 1047 3031 1352 3119; x_wconf 85' lang='lat' dir='ltr'><strong>eomitesemolliti,</strong></span> 
     </span>
     <span class='ocr_line' id='line_1_22' title="bbox 393 3150 1353 3254; baseline -0.005 -30"><span class='ocrx_word' id='word_1_121' title='bbox 393 3165 604 3251; x_wconf 84' lang='lat' dir='ltr'><strong>suspectum</strong></span> <span class='ocrx_word' id='word_1_122' title='bbox 621 3175 731 3222; x_wconf 88' lang='lat' dir='ltr'><strong>omne</strong></span> <span class='ocrx_word' id='word_1_123' title='bbox 743 3150 1353 3254; x_wconf 78' lang='lat' dir='ltr'><strong>praetergrediuntur,suseeptisque</strong></span> 
     </span>
     <span class='ocr_line' id='line_1_23' title="bbox 393 3271 1355 3374; baseline 0.001 -30"><span class='ocrx_word' id='word_1_124' title='bbox 393 3274 561 3374; x_wconf 86' lang='lat' dir='ltr'><strong>quinque</strong></span> <span class='ocrx_word' id='word_1_125' title='bbox 578 3273 727 3372; x_wconf 87' lang='lat' dir='ltr'><strong>majoris</strong></span> <span class='ocrx_word' id='word_1_126' title='bbox 741 3276 850 3373; x_wconf 90' lang='lat' dir='ltr'><strong>pretii</strong></span> <span class='ocrx_word' id='word_1_127' title='bbox 864 3271 1073 3364; x_wconf 77' lang='lat' dir='ltr'><strong>obsidibus,</strong></span> <span class='ocrx_word' id='word_1_128' title='bbox 1091 3274 1242 3348; x_wconf 88' lang='lat' dir='ltr'><strong>Walteri</strong></span> <span class='ocrx_word' id='word_1_129' title='bbox 1263 3273 1355 3374; x_wconf 85' lang='lat' dir='ltr'><strong>preci·</strong></span> 
     </span>
     <span class='ocr_line' id='line_1_24' title="bbox 392 3393 1354 3496; baseline -0.006 -28"><span class='ocrx_word' id='word_1_130' title='bbox 392 3394 464 3468; x_wconf 88' lang='lat' dir='ltr'><strong>bus</strong></span> <span class='ocrx_word' id='word_1_131' title='bbox 474 3393 646 3468; x_wconf 81' lang='lat' dir='ltr'><strong>assedere</strong></span> <span class='ocrx_word' id='word_1_132' title='bbox 653 3397 883 3468; x_wconf 85' lang='lat' dir='ltr'><strong>aestimarunt</strong></span> <span class='ocrx_word' id='word_1_133' title='bbox 892 3423 901 3468; x_wconf 79' lang='lat' dir='ltr'><strong>s</strong></span> <span class='ocrx_word' id='word_1_134' title='bbox 911 3421 955 3468; x_wconf 88' lang='lat' dir='ltr'><strong>eo</strong></span> <span class='ocrx_word' id='word_1_135' title='bbox 969 3395 1266 3496; x_wconf 82' lang='lat' dir='ltr'><strong>videlieetpaeto‚</strong></span> <span class='ocrx_word' id='word_1_136' title='bbox 1275 3409 1312 3467; x_wconf 91' lang='lat' dir='ltr'><strong>nt</strong></span> <span class='ocrx_word' id='word_1_137' title='bbox 1323 3393 1354 3464; x_wconf 92' lang='lat' dir='ltr'><strong>ni</strong></span> 
     </span>
     <span class='ocr_line' id='line_1_25' title="bbox 393 3517 1352 3618; baseline -0.003 -31"><span class='ocrx_word' id='word_1_138' title='bbox 393 3517 489 3588; x_wconf 80' lang='lat' dir='ltr'><strong>infra</strong></span> <span class='ocrx_word' id='word_1_139' title='bbox 504 3519 746 3588; x_wconf 82' lang='lat' dir='ltr'><strong>constitutum</strong></span> <span class='ocrx_word' id='word_1_140' title='bbox 760 3517 937 3613; x_wconf 83' lang='lat' dir='ltr'><strong>placitum</strong></span> <span class='ocrx_word' id='word_1_141' title='bbox 951 3519 1126 3618; x_wconf 90' lang='lat' dir='ltr'><strong>episcopo</strong></span> <span class='ocrx_word' id='word_1_142' title='bbox 1139 3517 1352 3603; x_wconf 82' lang='lat' dir='ltr'><strong>satisfaceret,</strong></span> 
     </span>
     <span class='ocr_line' id='line_1_26' title="bbox 388 3633 1355 3739; baseline 0 -32"><span class='ocrx_word' id='word_1_143' title='bbox 388 3633 634 3736; x_wconf 86' lang='lat' dir='ltr'><strong>judicandus,</strong></span> <span class='ocrx_word' id='word_1_144' title='bbox 656 3635 894 3733; x_wconf 83' lang='lat' dir='ltr'><strong>postmodnm</strong></span> <span class='ocrx_word' id='word_1_145' title='bbox 922 3642 1155 3739; x_wconf 69' lang='lat' dir='ltr'><strong>presentiam</strong></span> <span class='ocrx_word' id='word_1_146' title='bbox 1183 3642 1355 3738; x_wconf 81' lang='lat' dir='ltr'><strong>imperato</strong></span> 
     </span>
     <span class='ocr_line' id='line_1_27' title="bbox 392 3755 1353 3859; baseline -0.005 -27"><span class='ocrx_word' id='word_1_147' title='bbox 392 3760 443 3832; x_wconf 88' lang='lat' dir='ltr'><strong>ris</strong></span> <span class='ocrx_word' id='word_1_148' title='bbox 464 3755 594 3831; x_wconf 90' lang='lat' dir='ltr'><strong>adiret.</strong></span> <span class='ocrx_word' id='word_1_149' title='bbox 614 3759 693 3829; x_wconf 86' lang='lat' dir='ltr'><strong>Hoc</strong></span> <span class='ocrx_word' id='word_1_150' title='bbox 713 3773 888 3831; x_wconf 83' lang='lat' dir='ltr'><strong>autemet</strong></span> <span class='ocrx_word' id='word_1_151' title='bbox 900 3763 970 3859; x_wconf 91' lang='lat' dir='ltr'><strong>ipsi</strong></span> <span class='ocrx_word' id='word_1_152' title='bbox 984 3759 1128 3838; x_wconf 87' lang='lat' dir='ltr'><strong>obsides</strong></span> <span class='ocrx_word' id='word_1_153' title='bbox 1141 3785 1265 3836; x_wconf 85' lang='lat' dir='ltr'><strong>coram</strong></span> <span class='ocrx_word' id='word_1_154' title='bbox 1284 3779 1353 3830; x_wconf 88' lang='lat' dir='ltr'><strong>om·</strong></span> 
     </span>
     <span class='ocr_line' id='line_1_28' title="bbox 393 3869 1352 3982; baseline -0.003 -32"><span class='ocrx_word' id='word_1_155' title='bbox 393 3881 433 3951; x_wconf 90' lang='lat' dir='ltr'><strong>ni</strong></span> <span class='ocrx_word' id='word_1_156' title='bbox 447 3875 589 3978; x_wconf 89' lang='lat' dir='ltr'><strong>populo</strong></span> <span class='ocrx_word' id='word_1_157' title='bbox 603 3875 829 3977; x_wconf 77' lang='lat' dir='ltr'><strong>dejerarunt:</strong></span> <span class='ocrx_word' id='word_1_158' title='bbox 845 3869 991 3980; x_wconf 88' lang='lat' dir='ltr'><strong>quodsi</strong></span> <span class='ocrx_word' id='word_1_159' title='bbox 1004 3897 1154 3982; x_wconf 88' lang='lat' dir='ltr'><strong>pactum</strong></span> <span class='ocrx_word' id='word_1_160' title='bbox 1167 3875 1352 3955; x_wconf 85' lang='lat' dir='ltr'><strong>ullomodo</strong></span> 
     </span>
     <span class='ocr_line' id='line_1_29' title="bbox 394 3999 1352 4107; baseline 0.007 -36"><span class='ocrx_word' id='word_1_161' title='bbox 394 4001 567 4093; x_wconf 87' lang='lat' dir='ltr'><strong>solveret,</strong></span> <span class='ocrx_word' id='word_1_162' title='bbox 587 4025 672 4074; x_wconf 85' lang='lat' dir='ltr'><strong>mox</strong></span> <span class='ocrx_word' id='word_1_163' title='bbox 686 4005 899 4107; x_wconf 83' lang='lat' dir='ltr'><strong>episcopum</strong></span> <span class='ocrx_word' id='word_1_164' title='bbox 914 4008 1096 4102; x_wconf 86' lang='lat' dir='ltr'><strong>secuturi,</strong></span> <span class='ocrx_word' id='word_1_165' title='bbox 1118 4005 1226 4082; x_wconf 85' lang='lat' dir='ltr'><strong>iilum</strong></span> <span class='ocrx_word' id='word_1_166' title='bbox 1245 3999 1352 4079; x_wconf 83' lang='lat' dir='ltr'><strong>omni·</strong></span> 
     </span>
     <span class='ocr_line' id='line_1_30' title="bbox 395 4120 679 4200; baseline 0.007 -6"><span class='ocrx_word' id='word_1_167' title='bbox 395 4145 445 4195; x_wconf 90' lang='lat' dir='ltr'><strong>no</strong></span> <span class='ocrx_word' id='word_1_168' title='bbox 459 4120 679 4200; x_wconf 89' lang='lat' dir='ltr'><strong>desererent.</strong></span> 
     </span>
    </p>
   </div>
   <div class='ocr_carea' id='block_1_5' title="bbox 0 0 1470 4965">
    <p class='ocr_par' dir='ltr' id='par_1_5' title="bbox 0 0 1470 4965">
     <span class='ocr_line' id='line_1_31' title="bbox 0 0 1470 4965; baseline 0 0"><span class='ocrx_word' id='word_1_169' title='bbox 0 0 1470 4965; x_wconf 95' lang='lat' dir='ltr'><strong> </strong></span> 
     </span>
    </p>
   </div>
  </div>
 </body>
</html>
