<?xml version="1.0" encoding="UTF-8"?>
<!DOCTYPE html PUBLIC "-//W3C//DTD XHTML 1.0 Transitional//EN"
    "http://www.w3.org/TR/xhtml1/DTD/xhtml1-transitional.dtd">
<html xmlns="http://www.w3.org/1999/xhtml" xml:lang="en" lang="en">
 <head>
  <title>
</title>
<meta http-equiv="Content-Type" content="text/html;charset=utf-8" />
  <meta name='ocr-system' content='tesseract 3.04.00' />
  <meta name='ocr-capabilities' content='ocr_page ocr_carea ocr_par ocr_line ocrx_word'/>
</head>
<body>
  <div class='ocr_page' id='page_1' title='image "./chroniquedarras00glaygoog_0355.png"; bbox 0 0 2906 4970; ppageno 0'>
   <div class='ocr_carea' id='block_1_1' title="bbox 437 508 1059 604">
    <p class='ocr_par' dir='ltr' id='par_1_1' title="bbox 437 508 1059 604">
     <span class='ocr_line' id='line_1_1' title="bbox 437 508 1059 604; baseline 0.01 -6"><span class='ocrx_word' id='word_1_1' title='bbox 437 551 530 598; x_wconf 72' lang='lat' dir='ltr'><strong>UBBR</strong></span> <span class='ocrx_word' id='word_1_2' title='bbox 545 551 695 601; x_wconf 67' lang='lat' dir='ltr'><strong>cantica.</strong></span> <span class='ocrx_word' id='word_1_3' title='bbox 955 508 1059 604; x_wconf 49' lang='grc' dir='ltr'><strong>..Ξῆ</strong></span> 
     </span>
    </p>
   </div>
   <div class='ocr_carea' id='block_1_2' title="bbox 89 715 1068 2406">
    <p class='ocr_par' dir='ltr' id='par_1_2' title="bbox 89 715 1068 2406">
     <span class='ocr_line' id='line_1_2' title="bbox 91 715 1058 794; baseline 0.001 -2"><span class='ocrx_word' id='word_1_4' title='bbox 91 743 169 792; x_wconf 88' lang='lat' dir='ltr'><strong>cum</strong></span> <span class='ocrx_word' id='word_1_5' title='bbox 184 717 229 790; x_wconf 90' lang='lat' dir='ltr'><strong>de</strong></span> <span class='ocrx_word' id='word_1_6' title='bbox 242 715 421 792; x_wconf 81' lang='lat' dir='ltr'><strong>servando</strong></span> <span class='ocrx_word' id='word_1_7' title='bbox 443 741 520 788; x_wconf 91' lang='lat' dir='ltr'><strong>uno</strong></span> <span class='ocrx_word' id='word_1_8' title='bbox 540 715 717 792; x_wconf 86' lang='lat' dir='ltr'><strong>mandato</strong></span> <span class='ocrx_word' id='word_1_9' title='bbox 735 721 819 791; x_wconf 83' lang='lat' dir='ltr'><strong>satis</strong></span> <span class='ocrx_word' id='word_1_10' title='bbox 838 719 987 793; x_wconf 81' lang='lat' dir='ltr'><strong>infirma</strong></span> <span class='ocrx_word' id='word_1_11' title='bbox 1011 723 1058 794; x_wconf 90' lang='lat' dir='ltr'><strong>sit</strong></span> 
     </span>
     <span class='ocr_line' id='line_1_3' title="bbox 89 837 1058 944; baseline 0.005 -33"><span class='ocrx_word' id='word_1_12' title='bbox 89 840 255 938; x_wconf 71' lang='lat' dir='ltr'>fragilitas</span> <span class='ocrx_word' id='word_1_13' title='bbox 270 839 454 925; x_wconf 79' lang='lat' dir='ltr'><strong>humana,</strong></span> <span class='ocrx_word' id='word_1_14' title='bbox 473 837 613 912; x_wconf 87' lang='lat' dir='ltr'><strong>nodum</strong></span> <span class='ocrx_word' id='word_1_15' title='bbox 631 841 796 944; x_wconf 72' lang='lat' dir='ltr'><strong>perjurio</strong></span> <span class='ocrx_word' id='word_1_16' title='bbox 820 843 858 912; x_wconf 88' lang='lat' dir='ltr'><strong>in</strong></span> <span class='ocrx_word' id='word_1_17' title='bbox 885 843 1058 916; x_wconf 75' lang='lat' dir='ltr'><strong>omnibus</strong></span> 
     </span>
     <span class='ocr_line' id='line_1_4' title="bbox 90 961 1057 1062; baseline 0 -26"><span class='ocrx_word' id='word_1_18' title='bbox 90 961 142 1038; x_wconf 78' lang='lat' dir='ltr'><strong>his</strong></span> <span class='ocrx_word' id='word_1_19' title='bbox 155 963 324 1062; x_wconf 78' lang='lat' dir='ltr'><strong>neglectis</strong></span> <span class='ocrx_word' id='word_1_20' title='bbox 338 976 508 1038; x_wconf 83' lang='lat' dir='ltr'><strong>teneatur</strong></span> <span class='ocrx_word' id='word_1_21' title='bbox 519 966 677 1036; x_wconf 74' lang='lat' dir='ltr'><strong>astricta.</strong></span> <span class='ocrx_word' id='word_1_22' title='bbox 698 962 857 1055; x_wconf 81' lang='lat' dir='ltr'><strong>Quando</strong></span> <span class='ocrx_word' id='word_1_23' title='bbox 871 977 994 1038; x_wconf 89' lang='lat' dir='ltr'><strong>autern</strong></span> <span class='ocrx_word' id='word_1_24' title='bbox 1011 967 1057 1037; x_wconf 91' lang='lat' dir='ltr'><strong>ab</strong></span> 
     </span>
     <span class='ocr_line' id='line_1_5' title="bbox 90 1083 1068 1186; baseline -0.002 -26"><span class='ocrx_word' id='word_1_25' title='bbox 90 1083 157 1160; x_wconf 90' lang='lat' dir='ltr'><strong>hoc</strong></span> <span class='ocrx_word' id='word_1_26' title='bbox 175 1087 328 1178; x_wconf 75' lang='lat' dir='ltr'><strong>saeono,</strong></span> <span class='ocrx_word' id='word_1_27' title='bbox 351 1083 399 1158; x_wconf 89' lang='lat' dir='ltr'><strong>ad</strong></span> <span class='ocrx_word' id='word_1_28' title='bbox 418 1083 522 1156; x_wconf 90' lang='lat' dir='ltr'><strong>aliud</strong></span> <span class='ocrx_word' id='word_1_29' title='bbox 543 1087 625 1184; x_wconf 88' lang='lat' dir='ltr'><strong>quis</strong></span> <span class='ocrx_word' id='word_1_30' title='bbox 646 1083 759 1158; x_wconf 82' lang='lat' dir='ltr'><strong>habet</strong></span> <span class='ocrx_word' id='word_1_31' title='bbox 774 1088 845 1178; x_wconf 86' lang='lat' dir='ltr'><strong>ire,</strong></span> <span class='ocrx_word' id='word_1_32' title='bbox 861 1111 964 1160; x_wconf 85' lang='lat' dir='ltr'><strong>mens</strong></span> <span class='ocrx_word' id='word_1_33' title='bbox 981 1090 1068 1186; x_wconf 77' lang='lat' dir='ltr'><strong>ejuo</strong></span> 
     </span>
     <span class='ocr_line' id='line_1_6' title="bbox 91 1205 1059 1303; baseline 0.002 -24"><span class='ocrx_word' id='word_1_34' title='bbox 91 1207 299 1283; x_wconf 80' lang='lat' dir='ltr'><strong>naturaliter</strong></span> <span class='ocrx_word' id='word_1_35' title='bbox 339 1205 479 1280; x_wconf 83' lang='lat' dir='ltr'><strong>habena</strong></span> <span class='ocrx_word' id='word_1_36' title='bbox 514 1206 708 1300; x_wconf 83' lang='lat' dir='ltr'><strong>oblivisci,</strong></span> <span class='ocrx_word' id='word_1_37' title='bbox 753 1221 791 1279; x_wconf 88' lang='lat' dir='ltr'><strong>ct</strong></span> <span class='ocrx_word' id='word_1_38' title='bbox 836 1212 1059 1303; x_wconf 87' lang='lat' dir='ltr'><strong>memorari,</strong></span> 
     </span>
     <span class='ocr_line' id='line_1_7' title="bbox 91 1330 1059 1430; baseline -0.001 -24"><span class='ocrx_word' id='word_1_39' title='bbox 91 1330 359 1430; x_wconf 76' lang='lat' dir='ltr'><strong>magnitudine,</strong></span> <span class='ocrx_word' id='word_1_40' title='bbox 381 1356 445 1404; x_wconf 78' lang='lat' dir='ltr'><strong>acu</strong></span> <span class='ocrx_word' id='word_1_41' title='bbox 470 1333 633 1423; x_wconf 82' lang='lat' dir='ltr'><strong>novitate</strong></span> <span class='ocrx_word' id='word_1_42' title='bbox 657 1330 726 1403; x_wconf 86' lang='lat' dir='ltr'><strong>viae</strong></span> <span class='ocrx_word' id='word_1_43' title='bbox 754 1333 864 1404; x_wconf 78' lang='lat' dir='ltr'><strong>nimis</strong></span> <span class='ocrx_word' id='word_1_44' title='bbox 892 1345 992 1404; x_wconf 85' lang='lat' dir='ltr'><strong>extra</strong></span> <span class='ocrx_word' id='word_1_45' title='bbox 1022 1355 1059 1406; x_wconf 75' lang='lat' dir='ltr'><strong>ce</strong></span> 
     </span>
     <span class='ocr_line' id='line_1_8' title="bbox 91 1453 1057 1556; baseline 0.001 -29"><span class='ocrx_word' id='word_1_46' title='bbox 91 1479 223 1556; x_wconf 76' lang='lat' dir='ltr'><strong>sparsa3</strong></span> <span class='ocrx_word' id='word_1_47' title='bbox 255 1469 294 1529; x_wconf 87' lang='lat' dir='ltr'><strong>ct</strong></span> <span class='ocrx_word' id='word_1_48' title='bbox 320 1467 514 1554; x_wconf 85' lang='lat' dir='ltr'><strong>propterca</strong></span> <span class='ocrx_word' id='word_1_49' title='bbox 542 1453 817 1554; x_wconf 77' lang='lat' dir='ltr'><strong>aliquantulum</strong></span> <span class='ocrx_word' id='word_1_50' title='bbox 836 1457 893 1528; x_wconf 80' lang='lat' dir='ltr'><strong>sui</strong></span> <span class='ocrx_word' id='word_1_51' title='bbox 921 1456 1057 1549; x_wconf 85' lang='lat' dir='ltr'><strong>oblita,</strong></span> 
     </span>
     <span class='ocr_line' id='line_1_9' title="bbox 92 1575 1061 1677; baseline -0.001 -26"><span class='ocrx_word' id='word_1_52' title='bbox 92 1577 396 1652; x_wconf 69' lang='lat' dir='ltr'><strong>consolationibus</strong></span> <span class='ocrx_word' id='word_1_53' title='bbox 405 1579 556 1675; x_wconf 87' lang='lat' dir='ltr'><strong>piorum</strong></span> <span class='ocrx_word' id='word_1_54' title='bbox 577 1575 686 1648; x_wconf 88' lang='lat' dir='ltr'><strong>debet</strong></span> <span class='ocrx_word' id='word_1_55' title='bbox 706 1580 889 1670; x_wconf 86' lang='lat' dir='ltr'><strong>revocari,</strong></span> <span class='ocrx_word' id='word_1_56' title='bbox 911 1591 955 1649; x_wconf 88' lang='lat' dir='ltr'><strong>ut</strong></span> <span class='ocrx_word' id='word_1_57' title='bbox 975 1603 1061 1677; x_wconf 89' lang='lat' dir='ltr'><strong>poc-</strong></span> 
     </span>
     <span class='ocr_line' id='line_1_10' title="bbox 92 1699 1063 1800; baseline 0.003 -28"><span class='ocrx_word' id='word_1_58' title='bbox 92 1703 198 1776; x_wconf 86' lang='lat' dir='ltr'><strong>niteat</strong></span> <span class='ocrx_word' id='word_1_59' title='bbox 212 1699 260 1776; x_wconf 86' lang='lat' dir='ltr'><strong>dc</strong></span> <span class='ocrx_word' id='word_1_60' title='bbox 277 1701 453 1800; x_wconf 82' lang='lat' dir='ltr'><strong>pcccatis,</strong></span> <span class='ocrx_word' id='word_1_61' title='bbox 471 1700 582 1772; x_wconf 88' lang='lat' dir='ltr'><strong>ctiam</strong></span> <span class='ocrx_word' id='word_1_62' title='bbox 598 1701 628 1772; x_wconf 78' lang='lat' dir='ltr'><strong>ci</strong></span> <span class='ocrx_word' id='word_1_63' title='bbox 645 1712 736 1771; x_wconf 90' lang='lat' dir='ltr'><strong>tunc</strong></span> <span class='ocrx_word' id='word_1_64' title='bbox 757 1725 873 1799; x_wconf 81' lang='lat' dir='ltr'><strong>usque</strong></span> <span class='ocrx_word' id='word_1_65' title='bbox 896 1699 968 1773; x_wconf 85' lang='lat' dir='ltr'><strong>fuit</strong></span> <span class='ocrx_word' id='word_1_66' title='bbox 989 1703 1063 1775; x_wconf 84' lang='lat' dir='ltr'><strong>ob-</strong></span> 
     </span>
     <span class='ocr_line' id='line_1_11' title="bbox 91 1819 1061 1921; baseline 0.001 -27"><span class='ocrx_word' id='word_1_67' title='bbox 91 1820 234 1894; x_wconf 88' lang='lat' dir='ltr'><strong>durata:</strong></span> <span class='ocrx_word' id='word_1_68' title='bbox 255 1847 303 1894; x_wconf 90' lang='lat' dir='ltr'><strong>ne</strong></span> <span class='ocrx_word' id='word_1_69' title='bbox 319 1819 460 1913; x_wconf 89' lang='lat' dir='ltr'><strong>dicam,</strong></span> <span class='ocrx_word' id='word_1_70' title='bbox 476 1833 520 1894; x_wconf 88' lang='lat' dir='ltr'><strong>ut</strong></span> <span class='ocrx_word' id='word_1_71' title='bbox 538 1823 572 1893; x_wconf 91' lang='lat' dir='ltr'><strong>ci</strong></span> <span class='ocrx_word' id='word_1_72' title='bbox 587 1821 807 1919; x_wconf 74' lang='lat' dir='ltr'><strong>postulanti,</strong></span> <span class='ocrx_word' id='word_1_73' title='bbox 834 1819 932 1914; x_wconf 82' lang='lat' dir='ltr'><strong>hacc,</strong></span> <span class='ocrx_word' id='word_1_74' title='bbox 956 1821 1061 1921; x_wconf 88' lang='lat' dir='ltr'><strong>quod</strong></span> 
     </span>
     <span class='ocr_line' id='line_1_12' title="bbox 91 1941 1057 2043; baseline -0.001 -25"><span class='ocrx_word' id='word_1_75' title='bbox 91 1944 195 2038; x_wconf 87' lang='lat' dir='ltr'><strong>absit,</strong></span> <span class='ocrx_word' id='word_1_76' title='bbox 217 1943 422 2043; x_wconf 74' lang='lat' dir='ltr'><strong>denegetur</strong></span> <span class='ocrx_word' id='word_1_77' title='bbox 442 1941 704 2018; x_wconf 77' lang='lat' dir='ltr'><strong>misericordia.</strong></span> <span class='ocrx_word' id='word_1_78' title='bbox 730 1945 921 2016; x_wconf 87' lang='lat' dir='ltr'><strong>Mortuum</strong></span> <span class='ocrx_word' id='word_1_79' title='bbox 945 1948 1057 2017; x_wconf 85' lang='lat' dir='ltr'><strong>etiam</strong></span> 
     </span>
     <span class='ocr_line' id='line_1_13' title="bbox 93 2062 1064 2165; baseline 0.001 -25"><span class='ocrx_word' id='word_1_80' title='bbox 93 2067 291 2165; x_wconf 83' lang='lat' dir='ltr'><strong>quemlibet</strong></span> <span class='ocrx_word' id='word_1_81' title='bbox 304 2079 533 2165; x_wconf 85' lang='lat' dir='ltr'><strong>peccatorem</strong></span> <span class='ocrx_word' id='word_1_82' title='bbox 554 2079 659 2136; x_wconf 85' lang='lat' dir='ltr'><strong>terrac</strong></span> <span class='ocrx_word' id='word_1_83' title='bbox 689 2062 853 2156; x_wconf 87' lang='lat' dir='ltr'><strong>tradere,</strong></span> <span class='ocrx_word' id='word_1_84' title='bbox 883 2067 952 2138; x_wconf 86' lang='lat' dir='ltr'><strong>Dei</strong></span> <span class='ocrx_word' id='word_1_85' title='bbox 972 2063 1064 2141; x_wconf 84' lang='lat' dir='ltr'><strong>dixit</strong></span> 
     </span>
     <span class='ocr_line' id='line_1_14' title="bbox 93 2186 1064 2288; baseline -0.003 -28"><span class='ocrx_word' id='word_1_86' title='bbox 93 2192 305 2281; x_wconf 79' lang='lat' dir='ltr'><strong>auctoritas,</strong></span> <span class='ocrx_word' id='word_1_87' title='bbox 320 2213 363 2262; x_wconf 83' lang='lat' dir='ltr'><strong>ex</strong></span> <span class='ocrx_word' id='word_1_88' title='bbox 376 2211 453 2288; x_wconf 93' lang='lat' dir='ltr'><strong>quo</strong></span> <span class='ocrx_word' id='word_1_89' title='bbox 466 2199 637 2288; x_wconf 81' lang='lat' dir='ltr'><strong>peccator</strong></span> <span class='ocrx_word' id='word_1_90' title='bbox 650 2186 819 2272; x_wconf 84' lang='lat' dir='ltr'><strong>omnium</strong></span> <span class='ocrx_word' id='word_1_91' title='bbox 828 2203 1064 2288; x_wconf 82' lang='lat' dir='ltr'><strong>peccatorum</strong></span> 
     </span>
     <span class='ocr_line' id='line_1_15' title="bbox 94 2309 962 2406; baseline -0.002 -22"><span class='ocrx_word' id='word_1_92' title='bbox 94 2316 245 2406; x_wconf 82' lang='lat' dir='ltr'><strong>occisor,</strong></span> <span class='ocrx_word' id='word_1_93' title='bbox 266 2309 429 2388; x_wconf 81' lang='lat' dir='ltr'><strong>audivit:</strong></span> <span class='ocrx_word' id='word_1_94' title='bbox 455 2315 561 2384; x_wconf 69' lang='lat' dir='ltr'><strong>Tarra</strong></span> <span class='ocrx_word' id='word_1_95' title='bbox 576 2335 629 2398; x_wconf 80' lang='lat' dir='ltr'><strong>cc,</strong></span> <span class='ocrx_word' id='word_1_96' title='bbox 643 2317 727 2382; x_wconf 79' lang='lat' dir='ltr'><strong>etin</strong></span> <span class='ocrx_word' id='word_1_97' title='bbox 741 2314 962 2386; x_wconf 68' lang='lat' dir='ltr'><strong>atramitis.</strong></span> 
     </span>
    </p>
   </div>
   <div class='ocr_carea' id='block_1_3' title="bbox 361 2532 801 2718">
    <p class='ocr_par' dir='ltr' id='par_1_3' title="bbox 361 2532 801 2718">
     <span class='ocr_line' id='line_1_16' title="bbox 361 2532 801 2718; baseline -0.014 -66"><span class='ocrx_word' id='word_1_98' title='bbox 361 2532 522 2718; x_wconf 62' lang='lat' dir='ltr'><strong>(Iup,</strong></span> <span class='ocrx_word' id='word_1_99' title='bbox 582 2571 801 2651; x_wconf 82' lang='lat' dir='ltr'><strong>xnvnr.</strong></span> 
     </span>
    </p>
   </div>
   <div class='ocr_carea' id='block_1_4' title="bbox 95 2854 1069 2918">
    <p class='ocr_par' dir='ltr' id='par_1_4' title="bbox 95 2854 1069 2918">
     <span class='ocr_line' id='line_1_17' title="bbox 95 2854 1069 2918; baseline -0.001 -17"><span class='ocrx_word' id='word_1_100' title='bbox 95 2859 178 2901; x_wconf 68' lang='lat' dir='ltr'>DUAE!</span> <span class='ocrx_word' id='word_1_101' title='bbox 191 2859 211 2901; x_wconf 77' lang='grc' dir='ltr'><strong>Δ</strong></span> <span class='ocrx_word' id='word_1_102' title='bbox 225 2857 344 2900; x_wconf 68' lang='lat' dir='ltr'><strong>nonum</strong></span> <span class='ocrx_word' id='word_1_103' title='bbox 353 2857 500 2898; x_wconf 68' lang='lat' dir='ltr'><strong>Pnfflw</strong></span> <span class='ocrx_word' id='word_1_104' title='bbox 516 2857 709 2918; x_wconf 70' lang='lat' dir='ltr'><strong>avanano,</strong></span> <span class='ocrx_word' id='word_1_105' title='bbox 723 2854 802 2908; x_wconf 67' lang='lat' dir='ltr'><strong>QUOD</strong></span> <span class='ocrx_word' id='word_1_106' title='bbox 823 2855 976 2900; x_wconf 62' lang='lat' dir='ltr'><strong>(infimis</strong></span> <span class='ocrx_word' id='word_1_107' title='bbox 997 2859 1069 2900; x_wconf 72' lang='lat' dir='ltr'><strong>EPifl·</strong></span> 
     </span>
    </p>
   </div>
   <div class='ocr_carea' id='block_1_5' title="bbox 119 2937 1136 2982">
    <p class='ocr_par' dir='ltr' id='par_1_5' title="bbox 119 2937 1136 2982">
     <span class='ocr_line' id='line_1_18' title="bbox 119 2937 1136 2982; baseline 0 -1"><span class='ocrx_word' id='word_1_108' title='bbox 119 2941 207 2981; x_wconf 63' lang='lat' dir='ltr'>RUFUS</span> <span class='ocrx_word' id='word_1_109' title='bbox 220 2939 292 2980; x_wconf 69' lang='lat' dir='ltr'><strong>MC!</strong></span> <span class='ocrx_word' id='word_1_110' title='bbox 311 2937 503 2982; x_wconf 68' lang='lat' dir='ltr'><strong>usurum.</strong></span> <span class='ocrx_word' id='word_1_111' title='bbox 517 2937 758 2978; x_wconf 63' lang='lat' dir='ltr'><strong>rannemirus</strong></span> <span class='ocrx_word' id='word_1_112' title='bbox 772 2939 926 2980; x_wconf 64' lang='lat' dir='ltr'>EPISCOPUS</span> <span class='ocrx_word' id='word_1_113' title='bbox 938 2939 976 2980; x_wconf 67' lang='lat' dir='ltr'><strong>DE</strong></span> <span class='ocrx_word' id='word_1_114' title='bbox 993 2939 1068 2981; x_wconf 74' lang='lat' dir='ltr'><strong>PACE</strong></span> <span class='ocrx_word' id='word_1_115' title='bbox 1133 2945 1136 2954; x_wconf 83' lang='lat'><strong><em>‘</em></strong></span> 
     </span>
    </p>
   </div>
   <div class='ocr_carea' id='block_1_6' title="bbox 108 3017 1069 3139">
    <p class='ocr_par' dir='ltr' id='par_1_6' title="bbox 108 3017 1069 3139">
     <span class='ocr_line' id='line_1_19' title="bbox 119 3017 1069 3067; baseline -0.001 -6"><span class='ocrx_word' id='word_1_116' title='bbox 119 3019 305 3063; x_wconf 65' lang='lat' dir='ltr'><strong>aramma,</strong></span> <span class='ocrx_word' id='word_1_117' title='bbox 324 3017 479 3058; x_wconf 71' lang='lat' dir='ltr'><strong>neeman</strong></span> <span class='ocrx_word' id='word_1_118' title='bbox 499 3018 626 3060; x_wconf 65' lang='lat' dir='ltr'><strong>aduoluta</strong></span> <span class='ocrx_word' id='word_1_119' title='bbox 643 3017 740 3067; x_wconf 73' lang='lat' dir='ltr'><strong>nacla,</strong></span> <span class='ocrx_word' id='word_1_120' title='bbox 757 3017 795 3058; x_wconf 79' lang='grc' dir='ltr'><strong>ΕΤ</strong></span> <span class='ocrx_word' id='word_1_121' title='bbox 809 3017 924 3058; x_wconf 73' lang='lat' dir='ltr'>POPULO</span> <span class='ocrx_word' id='word_1_122' title='bbox 942 3019 1069 3066; x_wconf 59' lang='lat' dir='ltr'><strong>SED-41⁸0,</strong></span> 
     </span>
     <span class='ocr_line' id='line_1_20' title="bbox 108 3093 655 3139; baseline -0.009 0"><span class='ocrx_word' id='word_1_123' title='bbox 108 3095 331 3139; x_wconf 71' lang='lat' dir='ltr'><strong>mmmm</strong></span> <span class='ocrx_word' id='word_1_124' title='bbox 349 3093 491 3138; x_wconf 66' lang='lat' dir='ltr'><strong>wahren!</strong></span> <span class='ocrx_word' id='word_1_125' title='bbox 504 3093 655 3136; x_wconf 76' lang='lat' dir='ltr'><strong>moscin.</strong></span> 
     </span>
    </p>
   </div>
   <div class='ocr_carea' id='block_1_7' title="bbox 97 3273 1080 4154">
    <p class='ocr_par' dir='ltr' id='par_1_7' title="bbox 97 3273 1080 4154">
     <span class='ocr_line' id='line_1_21' title="bbox 97 3273 1065 3414; baseline -0.008 -26"><span class='ocrx_word' id='word_1_126' title='bbox 97 3273 232 3390; x_wconf 75' lang='lat' dir='ltr'><strong>Causa</strong></span> <span class='ocrx_word' id='word_1_127' title='bbox 263 3313 426 3414; x_wconf 72' lang='lat' dir='ltr'><strong>posthaec</strong></span> <span class='ocrx_word' id='word_1_128' title='bbox 455 3309 526 3381; x_wconf 85' lang='lat' dir='ltr'><strong>fuit</strong></span> <span class='ocrx_word' id='word_1_129' title='bbox 543 3318 624 3408; x_wconf 88' lang='lat' dir='ltr'><strong>&#39;qua</strong></span> <span class='ocrx_word' id='word_1_130' title='bbox 649 3311 821 3380; x_wconf 91' lang='lat' dir='ltr'><strong>Duacum</strong></span> <span class='ocrx_word' id='word_1_131' title='bbox 841 3311 960 3409; x_wconf 88' lang='lat' dir='ltr'><strong>petiit.</strong></span> <span class='ocrx_word' id='word_1_132' title='bbox 991 3309 1065 3382; x_wconf 89' lang='lat' dir='ltr'><strong>Ubi</strong></span> 
     </span>
     <span class='ocr_line' id='line_1_22' title="bbox 98 3429 1080 3537; baseline -0.003 -27"><span class='ocrx_word' id='word_1_133' title='bbox 98 3452 301 3512; x_wconf 83' lang='lat' dir='ltr'><strong>conventus</strong></span> <span class='ocrx_word' id='word_1_134' title='bbox 330 3435 462 3537; x_wconf 90' lang='lat' dir='ltr'><strong>populi</strong></span> <span class='ocrx_word' id='word_1_135' title='bbox 487 3431 658 3525; x_wconf 82' lang='lat' dir='ltr'><strong>vocibus,</strong></span> <span class='ocrx_word' id='word_1_136' title='bbox 687 3430 733 3503; x_wconf 90' lang='lat' dir='ltr'><strong>de</strong></span> <span class='ocrx_word' id='word_1_137' title='bbox 766 3429 960 3504; x_wconf 88' lang='lat' dir='ltr'><strong>statuenda</strong></span> <span class='ocrx_word' id='word_1_138' title='bbox 984 3457 1080 3531; x_wconf 76' lang='lat' dir='ltr'><strong>pace</strong></span> 
     </span>
     <span class='ocr_line' id='line_1_23' title="bbox 97 3551 1078 3659; baseline -0.005 -26"><span class='ocrx_word' id='word_1_139' title='bbox 97 3559 208 3655; x_wconf 70' lang='lat' dir='ltr'><strong>alra,</strong></span> <span class='ocrx_word' id='word_1_140' title='bbox 234 3551 426 3659; x_wconf 79' lang='lat' dir='ltr'><strong>respondit</strong></span> <span class='ocrx_word' id='word_1_141' title='bbox 445 3579 514 3659; x_wconf 87' lang='lat' dir='ltr'><strong>pro</strong></span> <span class='ocrx_word' id='word_1_142' title='bbox 544 3567 710 3656; x_wconf 85' lang='lat' dir='ltr'><strong>temporo</strong></span> <span class='ocrx_word' id='word_1_143' title='bbox 737 3554 840 3655; x_wconf 91' lang='lat' dir='ltr'><strong>quod</strong></span> <span class='ocrx_word' id='word_1_144' title='bbox 863 3555 1078 3658; x_wconf 74' lang='lat' dir='ltr'><strong>perceperat</strong></span> 
     </span>
     <span class='ocr_line' id='line_1_24' title="bbox 98 3671 1075 3782; baseline -0.001 -28"><span class='ocrx_word' id='word_1_145' title='bbox 98 3682 143 3755; x_wconf 87' lang='lat' dir='ltr'><strong>ab</strong></span> <span class='ocrx_word' id='word_1_146' title='bbox 156 3709 202 3756; x_wconf 90' lang='lat' dir='ltr'><strong>co</strong></span> <span class='ocrx_word' id='word_1_147' title='bbox 221 3684 289 3782; x_wconf 88' lang='lat' dir='ltr'><strong>qui</strong></span> <span class='ocrx_word' id='word_1_148' title='bbox 311 3671 363 3755; x_wconf 76' lang='lat' dir='ltr'><strong>cst</strong></span> <span class='ocrx_word' id='word_1_149' title='bbox 383 3680 483 3754; x_wconf 87' lang='lat' dir='ltr'><strong>idem</strong></span> <span class='ocrx_word' id='word_1_150' title='bbox 504 3681 585 3755; x_wconf 85' lang='lat' dir='ltr'><strong>heri</strong></span> <span class='ocrx_word' id='word_1_151' title='bbox 610 3695 646 3753; x_wconf 89' lang='lat' dir='ltr'><strong>ct</strong></span> <span class='ocrx_word' id='word_1_152' title='bbox 665 3677 796 3773; x_wconf 89' lang='lat' dir='ltr'><strong>hodie,</strong></span> <span class='ocrx_word' id='word_1_153' title='bbox 822 3705 890 3753; x_wconf 88' lang='lat' dir='ltr'><strong>nec</strong></span> <span class='ocrx_word' id='word_1_154' title='bbox 909 3693 1075 3782; x_wconf 75' lang='lat' dir='ltr'><strong>mutatur</strong></span> 
     </span>
     <span class='ocr_line' id='line_1_25' title="bbox 99 3805 1076 3904; baseline -0.006 -27"><span class='ocrx_word' id='word_1_155' title='bbox 99 3808 703 3904; x_wconf 59' lang='lat' dir='ltr'><strong>crastino&#39;tcmporeaeSuggcsserat</strong></span> <span class='ocrx_word' id='word_1_156' title='bbox 724 3805 763 3874; x_wconf 89' lang='lat' dir='ltr'><strong>in</strong></span> <span class='ocrx_word' id='word_1_157' title='bbox 781 3829 885 3875; x_wconf 85' lang='lat' dir='ltr'><strong>aures</strong></span> <span class='ocrx_word' id='word_1_158' title='bbox 905 3805 1076 3874; x_wconf 89' lang='lat' dir='ltr'><strong>omnium</strong></span> 
     </span>
     <span class='ocr_line' id='line_1_26' title="bbox 98 3926 1075 4025; baseline -0.009 -25"><span class='ocrx_word' id='word_1_159' title='bbox 98 3929 306 4019; x_wconf 71' lang='lat' dir='ltr'><strong>walterus,</strong></span> <span class='ocrx_word' id='word_1_160' title='bbox 336 3930 402 4025; x_wconf 86' lang='lat' dir='ltr'><strong>qui</strong></span> <span class='ocrx_word' id='word_1_161' title='bbox 428 3941 533 4000; x_wconf 85' lang='lat' dir='ltr'><strong>erant</strong></span> <span class='ocrx_word' id='word_1_162' title='bbox 562 3927 649 4000; x_wconf 83' lang='lat' dir='ltr'><strong>foris</strong></span> <span class='ocrx_word' id='word_1_163' title='bbox 669 3941 705 3999; x_wconf 89' lang='lat' dir='ltr'><strong>ct</strong></span> <span class='ocrx_word' id='word_1_164' title='bbox 723 3928 842 4018; x_wconf 89' lang='lat' dir='ltr'><strong>intus,</strong></span> <span class='ocrx_word' id='word_1_165' title='bbox 860 3926 1075 4023; x_wconf 85' lang='lat' dir='ltr'><strong>episcopum</strong></span> 
     </span>
     <span class='ocr_line' id='line_1_27' title="bbox 100 4045 1078 4154; baseline -0.014 -26"><span class='ocrx_word' id='word_1_166' title='bbox 100 4056 181 4154; x_wconf 83' lang='lat' dir='ltr'><strong>paci</strong></span> <span class='ocrx_word' id='word_1_167' title='bbox 195 4045 299 4126; x_wconf 76' lang='lat' dir='ltr'><strong>nolio</strong></span> <span class='ocrx_word' id='word_1_168' title='bbox 313 4047 567 4150; x_wconf 81' lang='lat' dir='ltr'><strong>adquiescere,</strong></span> <span class='ocrx_word' id='word_1_169' title='bbox 587 4047 663 4126; x_wconf 90' lang='lat' dir='ltr'><strong>non</strong></span> <span class='ocrx_word' id='word_1_170' title='bbox 687 4051 775 4152; x_wconf 87' lang='lat' dir='ltr'><strong>qnia</strong></span> <span class='ocrx_word' id='word_1_171' title='bbox 795 4045 988 4124; x_wconf 83' lang='lat' dir='ltr'><strong>eratfilius</strong></span> <span class='ocrx_word' id='word_1_172' title='bbox 1008 4067 1078 4144; x_wconf 88' lang='lat' dir='ltr'><strong>pa-</strong></span> 
     </span>
    </p>
   </div>
   <div class='ocr_carea' id='block_1_8' title="bbox 0 0 1475 4970">
    <p class='ocr_par' dir='ltr' id='par_1_8' title="bbox 0 0 1475 4970">
     <span class='ocr_line' id='line_1_28' title="bbox 0 0 1475 4970; baseline 0 0"><span class='ocrx_word' id='word_1_173' title='bbox 0 0 1475 4970; x_wconf 95' lang='lat' dir='ltr'><strong> </strong></span> 
     </span>
    </p>
   </div>
  </div>
 </body>
</html>
