3088 4968
374 546 410 600 st
451 519 475 534 '⁵
603 529 605 535 ⁴
660 549 1038 598 coronaturum.

372 745 534 820 namque
568 719 715 812 clerici,
749 745 834 792 oum
866 719 1158 818 circumjacentis
1187 722 1364 796 nemoris

371 845 514 942 spineta
529 842 745 935 lustrarent,
766 841 815 914 ad
828 841 1015 918 basilicam
1034 839 1127 916 forte
1141 839 1360 917 divertunt.

371 965 445 1038 Ubi
477 963 569 1038 dum
593 964 633 1040 hi
664 965 800 1066 quibus
835 964 945 1038 altior
973 987 1076 1036 mens
1099 961 1220 1038 fuerat
1244 989 1363 1040 oras-

371 1101 469 1180 sent,
482 1089 648 1186 juniores
661 1091 772 1162 situm
790 1090 973 1164 interioris
988 1087 1148 1162 ecclesiae
1166 1089 1361 1167 curiosius

373 1209 735 1308 contemplabantur.
772 1213 875 1286 Unus
907 1222 1032 1286 autem
1059 1235 1103 1283 ex
1128 1207 1186 1284 his
1209 1209 1261 1284 ad
1288 1226 1362 1288 tu·

373 1331 520 1404 mulum
539 1332 610 1408 viri
630 1333 700 1406 Dei
721 1335 904 1407 incautius
921 1329 1117 1426 accedens,
1140 1335 1235 1410 sicut
1256 1347 1362 1416 tam-a

372 1452 563 1528 dehiscens
576 1479 598 1528 a
610 1480 756 1531 summo
775 1481 892 1556 usque
912 1454 1085 1532 deorsum
1099 1458 1234 1532 rimam
1253 1457 1362 1534 fece-

372 1591 449 1669 rat,
468 1577 530 1652 ille
556 1593 704 1678 arrepto
720 1563 866 1654 sarcito
882 1581 998 1678 coepit
1013 1579 1227 1678 speluncam
1245 1583 1361 1681 quasi

373 1699 553 1773 insultans
577 1700 776 1776 fodicando
797 1704 862 1802 (1)
885 1715 1106 1802 pertentare.
1132 1703 1205 1794 Qui
1227 1706 1360 1782 statim

373 1826 536 1898 caecitate
555 1850 763 1924 percussus,
780 1827 895 1924 coepit
907 1821 1094 1924 palpando
1107 1821 1242 1896 ducem
1259 1851 1360 1923 quae·

373 1971 474 2039 rore,
497 1946 630 2019 ducem
653 1947 824 2022 clamare.
842 1946 1014 2022 Exterriti
1031 1946 1097 2048 qui
1117 1942 1275 2016 aderant
1290 1969 1360 2017 su-

373 2067 452 2140 bita
473 2081 624 2141 eventus
651 2068 930 2158 immutatione,
947 2067 1073 2162 magis
1098 2064 1168 2138 sibi
1195 2067 1358 2165 quisque

374 2191 545 2285 timebat,
565 2216 611 2262 ne
631 2193 791 2294 percussi
813 2187 924 2264 simili
948 2188 1127 2260 sententia
1144 2185 1358 2288 plecteren-

374 2326 449 2384 tur.
473 2313 745 2392 sciscitantibus
768 2327 893 2388 autem
911 2311 1045 2409 privati
1066 2333 1213 2384 causam
1233 2307 1358 2381 lumi-

374 2436 449 2525 nis,
469 2430 660 2532 respondit
688 2460 730 2506 ex
752 2432 989 2506 insultatione
1017 2432 1209 2503 temeraria
1237 2457 1355 2531 quam

374 2554 559 2628 tumulato
588 2553 764 2628 intulerat
797 2555 867 2628 sibi
906 2554 1038 2629 misero
1065 2550 1137 2628 hcc
1164 2551 1353 2628 accidisse.

374 2680 530 2752 Invento
563 2678 675 2774 igitur
695 2675 863 2750 salutaris
884 2671 1037 2748 remedii
1059 2672 1232 2768 consilio,
1255 2701 1356 2774 pue-

375 2828 481 2894 rum,
500 2803 628 2902 capitis
650 2803 707 2876 sui
734 2800 943 2892 deditione,
976 2812 1088 2876 tantae
1113 2797 1355 2876 animadver-

375 2925 487 2998 sionis
503 2927 596 3000 iram
614 2925 760 3024 placare
776 2922 944 3018 suadent.
975 2924 1106 3022 Sisque
1126 2919 1264 2996 factum
1284 2935 1351 2996 est.

376 3049 479 3141 Mox,
500 3047 644 3122 lumine
674 3061 842 3148 recepto,
868 3071 962 3147 puer
990 3043 1094 3120 haud
1116 3043 1354 3122 mediocriter

372 3172 565 3268 castigatus
587 3167 711 3246 rediit.

683 3355 844 3542 (lap.
883 3411 1033 3489 xxx·

400 3653 450 3692 tm
472 3651 643 3694 musanus
662 3650 818 3692 ΙΠΙΕΟΡΠΒ
840 3649 974 3694 sanem!
992 3647 1103 3692 comi!
1120 3651 1147 3690 Ι.
1161 3645 1324 3690 mantulam

701 3729 879 3776 Eouomtc!
893 3727 1029 3770 fflffl'f.

373 3861 517 3978 flotus
543 3894 669 3994 itaque
695 3889 865 3966 miraculi
887 3889 985 3966 fama
1012 3915 1079 3989 per
1101 3889 1261 3964 vicinam
1282 3909 1347 3987 ref

413 4066 689 4137 (ruspans.
