2906 4970
388 513 1342 546 W

386 579 444 632 520
673 577 790 625 ouuott.
814 575 891 621 CAH.
923 574 967 619 ΕΤ
995 571 1070 616 ΛΤΒ.

390 657 1337 690 ....-...-......-.---------“-

386 747 457 810 llaec
470 747 574 810 omnia
587 742 735 806 custodivi
750 763 769 803 a
781 743 938 822 juventute
949 757 1030 814 mes,
1041 738 1101 798 aits
1114 735 1146 798 Si
1157 738 1204 798 vis
1214 735 1344 816 perlectus

386 875 468 930 esse,
483 851 581 916 vende
592 871 659 933 quae
670 849 782 924 lrnbes,
795 859 827 908 et
838 844 879 907 dn
892 843 1089 928 pauperibus.
1110 841 1180 902 Alio
1195 860 1307 922 qnoque
1319 841 1344 900 in

386 960 419 1023 in
432 955 518 1034 loco,
532 957 571 1018 de
583 953 730 1018 eunuchis
744 951 917 1034 disputansr
933 947 993 1026 Qui
1004 960 1123 1028 potest,
1135 947 1252 1026 inquit,
1266 963 1346 1024 cope-

386 1088 420 1128 re
435 1067 550 1148 capiat:
565 1084 628 1125 non
642 1064 838 1122 enimomnes
848 1056 1072 1137 capiuntfflat.
1087 1045 1287 1128 19.1t).Nec
1302 1067 1346 1107 nos

314 1209 319 1222 ι
388 1169 466 1256 luglt
476 1191 562 1252 posse
573 1168 673 1230 dicere
684 1182 890 1246 quemquam:
904 1157 989 1241 quod
1002 1179 1130 1239 regnum
1145 1155 1285 1217 coelorum
1297 1173 1345 1214 nou

388 1274 556 1358 ingreditur
567 1273 625 1333 nisi
639 1269 975 1352 perfectusquisquem.
988 1261 1045 1324 Cui
1055 1283 1110 1323 nos
1121 1260 1216 1344 digito
1233 1261 1346 1320 insinua·

389 1401 477 1455 mus,
493 1380 566 1459 quin
580 1373 695 1436 stellae
709 1365 796 1435 stelle
808 1365 910 1431 differt
922 1371 956 1429 in
971 1367 1105 1428 claritate
1117 1407 1126 1443 ,
1143 1375 1174 1427 et
1193 1360 1281 1428 verbe
1291 1360 1347 1420 llo·

390 1486 467 1550 mini
487 1463 687 1564 replicamusr
710 1481 744 1539 in
764 1476 860 1538 domo
880 1476 974 1556 patris
990 1474 1052 1534 mei
1073 1473 1242 1532 mensiones
1260 1463 1345 1528 multe

391 1602 462 1652 sunt
474 1593 485 1666 (
496 1591 577 1651 Joan.
592 1584 641 1646 14·
654 1587 684 1646 2.
695 1589 715 1660 ).
731 1582 887 1660 Quarum,
899 1591 934 1642 ut
946 1581 990 1640 ita
1002 1575 1121 1652 dicam,
1136 1570 1294 1636 secundum
1303 1585 1346 1628 nos

389 1691 594 1776 inequalitas,
609 1710 671 1750 non
685 1689 742 1749 nisi
753 1686 792 1749 ed
806 1689 870 1768 ejus
882 1686 1123 1764 omnipotentem
1143 1679 1233 1758 heta,
1244 1689 1285 1737 est
1301 1691 1347 1734 ro-

389 1798 548 1860 luntntem.
565 1793 685 1873 Quibus
698 1806 733 1854 ut
742 1812 804 1853 una
817 1801 952 1852 servetur
962 1789 995 1849 in
1009 1783 1179 1866 equalitate
1193 1779 1345 1863 quantitas,

390 1900 581 1967 inviolabilis
595 1899 665 1961 duta
678 1911 723 1960 est
735 1896 775 1958 nd
795 1891 975 1956 alterutrum
996 1891 1144 1964 charitas,
1163 1883 1243 1970 quod
1265 1893 1306 1943 est
1323 1881 1348 1939 iu

392 2007 529 2090 singulis,
542 2004 770 2066 communicans
781 1997 936 2072 omuibus,
949 2015 1020 2056 cum
1033 1990 1181 2076 quicquid
1190 1991 1296 2052 lectum
1305 1995 1349 2056 est,

392 2113 544 2176 sufficiens
554 2113 593 2172 sit
604 2109 645 2172 ed
659 2110 763 2171 omnis
775 2125 831 2187 per
844 2103 905 2164 hoc
918 2099 1004 2183 quod
1013 2096 1108 2160 hebet
1118 2097 1151 2158 in
1166 2093 1284 2177 propriu
1300 2107 1348 2150 nt·

391 2231 470 2282 tura.
484 2216 524 2278 Et
532 2215 571 2280 de
584 2215 674 2279 nobis
683 2213 813 2276 dicimus
823 2205 935 2271 similia
945 2251 954 2282 ,
965 2224 1100 2286 quorum
1111 2199 1349 2282 imperfectionem

392 2321 533 2405 supplet,
548 2323 597 2382 cui
618 2319 692 2382 dicit
709 2315 877 2399 propheta:
900 2309 1013 2372 Melior
1031 2319 1076 2370 est
1092 2301 1290 2368 misericordia
1309 2311 1349 2358 tua

393 2449 484 2510 super
498 2429 575 2489 vitas
589 2426 690 2502 (Psal.
708 2425 738 2483 2.
749 2427 770 2497 ).
787 2417 846 2479 Per
864 2436 958 2500 quam
981 2414 1033 2489 fit,
1055 2425 1091 2473 ut
1113 2407 1197 2492 quod
1216 2401 1350 2468 habebunt

394 2532 504 2615 singuli
518 2534 550 2592 in
561 2530 668 2590 caelesti
682 2530 761 2600 vita,
776 2524 926 2586 sufficiens
940 2517 990 2590 sie
1002 2515 1117 2600 glorio,
1135 2507 1350 2596 participabunt·

394 2659 455 2720 quo
470 2649 648 2698 cunctorum
658 2633 779 2709 letitie,
791 2627 946 2692 charitatis
960 2623 1144 2710 perfectione
1154 2618 1251 2704 pleni,
1264 2625 1294 2676 ut
1309 2609 1349 2670 fut

394 2742 558 2826 equalitas.

747 2884 905 3068 disp,
960 2931 1015 3008 e.

394 3161 547 3206 corninus
563 3161 623 3203 ild?-
642 3161 671 3203 ΙΝ
693 3161 818 3204 trturlrt
835 3161 1071 3208 ruorrcrsctrmt,
1092 3159 1274 3203 crunnum
1291 3155 1346 3198 retr

420 3243 481 3284 GU!
498 3241 645 3282 Elllfflssl'l!
658 3243 696 3282 ttr
706 3243 790 3282 Alam.
804 3241 946 3282 nomen
958 3243 988 3282 ll!
1001 3240 1209 3282 CORONATION!
1222 3239 1286 3282 ml!
1298 3233 1347 3277 1Δῦ

421 3323 469 3364 ru.
488 3321 545 3362 uso
562 3323 663 3362 renero
680 3323 753 3362 rosr
772 3321 920 3366 uomruu.
940 3321 1127 3362 succursum
1146 3321 1226 3362 rum
1241 3313 1346 3362 mm

421 3403 456 3442 m
476 3403 514 3442 un
532 3401 612 3452 nuru
627 3401 780 3442 ornrnnus
795 3391 953 3440 'Et’lscows
963 3400 1191 3444 rnoercrsurruu.
1203 3399 1284 3444 mortu
1296 3391 1346 3448 uti

420 3481 547 3524 norrun
565 3480 695 3524 comunt
707 3480 767 3520 rue.
788 3477 1029 3522 morannum.

395 3655 559 3765 loreum
577 3687 798 3762 chonradus
821 3693 1022 3792 imperator
1039 3691 1150 3784 abiit,
1174 3707 1218 3766 ut
1235 3689 1280 3766 nd
1295 3711 1349 3762 vo·
1374 3763 1377 3770 .

395 3825 477 3886 tum
485 3809 530 3884 de
539 3838 651 3912 regno
659 3828 793 3914 ageret,
804 3828 838 3888 et
846 3839 948 3886 arma
956 3813 1109 3890 ferentes
1120 3819 1347 3916 impugnaret.

397 3937 566 4038 Cumque
588 3936 681 4010 inibi
710 3935 875 4036 degeret,
901 3936 1079 4038 quosdam
1099 3933 1349 4037 Longoberdo·

396 4083 481 4137 rum
498 4062 688 4164 episcopos
700 4061 868 4162 partibus
885 4060 1024 4140 Odonis
1042 4061 1201 4140 faventes
1221 4063 1349 4134 inreve-
