2906 4970
386 510 444 564 9¹12
692 512 811 562 GERON.
828 512 907 559 CAH.
924 512 967 558 st·
980 511 1057 558 Aru.

386 685 484 782 quit,
507 677 610 780 quod
628 676 722 750 mihi
734 677 856 750 clerici
864 675 1098 770 detulerunt,
1109 702 1168 750 me
1182 675 1341 752 occidit».

386 805 506 896 Quem
520 803 751 891 visitaturus,
767 823 854 872 cum
864 801 943 897 jam
958 797 1078 872 dictus
1085 797 1280 872 monachus
1286 799 1344 871 ite-¹

386 951 472 998 rum
487 923 691 1015 adveniret,
707 923 881 996 latentem
896 923 1020 1020 ignem
1035 923 1074 992 iri
1087 946 1151 994 ore
1165 922 1283 994 volens
1295 946 1343 995 co·

386 1072 580 1147 gnoscere,
613 1042 882 1118 moribundum
910 1068 949 1116 os
979 1041 1197 1118 difficillime
1212 1043 1341 1116 cultello

387 1170 555 1262 reclusit,
571 1181 608 1240 et
621 1169 788 1266 linguam
802 1191 920 1265 usque
936 1165 984 1238 ad
998 1165 1190 1265 palatum,
1208 1169 1344 1238 misera·

386 1290 461 1364 bile'
479 1295 579 1382 visu,
595 1303 815 1381 crematam,
832 1291 941 1360 matri
966 1313 1010 1362 ac
1033 1287 1141 1361 fratri
1169 1303 1205 1361 et
1227 1289 1343 1362 casaris

389 1411 618 1486 adstantibus
644 1425 769 1510 aperte
792 1414 1028 1484 monstravit:
1057 1425 1155 1484 certe
1177 1409 1343 1484 insinuans

389 1534 623 1610 manifestum
632 1533 701 1605 Dei
710 1529 917 1631 judicium,
933 1545 970 1603 et
981 1530 1054 1605 hoc
1070 1534 1208 1605 meritis
1219 1534 1286 1604 suis
1297 1527 1342 1600 di·

390 1681 461 1754 gne
475 1669 736 1753 compensum,
752 1655 816 1751 qui
835 1651 960 1752 quoad
974 1655 1081 1746 vixit,
1100 1654 1262 1752 linguam
1277 1675 1344 1724 om·

390 1780 430 1850 ni
444 1777 581 1849 malitia
597 1773 825 1873 depravavit.
841 1772 952 1865 Quod
966 1777 1055 1875 quia
1071 1785 1190 1850 certus
1208 1775 1341 1862 relator,

391 1903 468 2000 ipse
483 1897 655 1972 videlicet
667 1893 871 1970 monachus
889 1897 937 1968 D.
961 1899 1132 1998 episcopo
1164 1897 1341 1984 intimavit,

390 2020 440 2094 ad
454 2021 633 2094 honorem
648 2019 801 2096 Domini
818 2019 933 2093 nostri
949 2021 1036 2092 iesu
1052 2019 1207 2112 Christi,
1223 2037 1344 2091 memo*

390 2145 456 2216 riae
474 2139 750 2232 commendavi,
773 2152 816 2212 ut
839 2141 1066 2238 quicumque
1085 2139 1267 2215 audierint
1282 2139 1343 2208 im·

391 2263 500 2362 probi
514 2275 740 2354 torreantur,
756 2261 846 2339 boni
860 2285 948 2335 vero
968 2264 1101 2339 merito
1117 2261 1340 2361 gratulentur·

711 2477 872 2661 disp.
931 2538 1060 2616 xrx.

395 2779 548 2826 onmes
563 2779 718 2822 nrrscorns
737 2779 898 2824 mrnnnurr
914 2781 1148 2824 coruncanum
1160 2775 1279 2822 annunt
1291 2770 1345 2814 m

420 2863 490 2903 corr
505 2862 734 2906 sonssrosansrs,
753 2861 803 2900 um
818 2861 924 2902 uersu
940 2861 1182 2902 nrrrrcunmrru
1199 2857 1281 2902 aaran
1295 2849 1345 2892 m·

421 2939 514 2979 amon
523 2937 736 2978 aamuarrsan
746 2937 784 2976 rr
795 2937 969 2981 manniatur
980 2939 1191 2980 noviomen
1206 2925 1338 2980 nruwffl

420 3015 474 3076 sua
483 3017 650 3056 munnam
663 3015 795 3056 ssuavrr.

390 3191 470 3324 ΕΑ
484 3243 716 3332 tempestate,
733 3256 819 3304 cum
834 3229 913 3304 aliis
926 3230 1052 3304 multis
1063 3223 1340 3330 coipiscopisfiu·

393 3355 518 3433 terfuit
529 3357 639 3428 etiam
656 3356 704 3428 D.
724 3356 916 3454 episcopus
930 3355 1195 3428 consecrationi
1209 3351 1340 3424 nstra

390 3481 615 3552 sionensium
639 3478 819 3576 episcopi,
846 3480 885 3549 in
916 3479 994 3577 ipsa
1020 3455 1194 3550 videlicet
1217 3463 1340 3546 ecclesis

388 3601 649 3674 suessionensi.
679 3597 752 3670 Ubi
774 3597 957 3698 siquidem
979 3605 1041 3691 A,
1061 3591 1338 3672 Laudunensiun
1415 3613 1416 3630 ¹

390 3725 600 3821 episcopus,
614 3721 915 3792 Noviomensium
936 3723 1150 3821 episcopum
1168 3715 1265 3792 omni
1278 3703 1338 3782 cal·

388 3839 1337 3943 liditaseesfraudulentiacriminatus,proculextor·

391 3982 466 4060 ret,
484 3982 521 4042 et
542 3963 739 4065 indignum
763 3963 924 4040 fraterna
948 3967 1216 4059 conventione,
1235 3969 1335 4033 coram
1414 4015 1415 4018 ,
