2906 4970
397 595 453 648 536
768 603 839 646 ΛΡΡ.
862 600 993 647 strena

393 765 570 862 peratoris
596 762 697 834 adire
727 789 812 834 eum
838 765 1017 862 oportuit.
1042 767 1073 834 Α
1100 789 1175 862 qua
1205 763 1358 854 rediens,

392 911 510 985 quum
526 885 573 958 ad
588 884 770 985 oppidum
786 884 890 984 quod
904 897 956 957 est
969 885 1127 957 Lnuhias
1142 883 1356 976 devenisset,

390 1011 590 1080 nunciatur
624 1009 658 1079 ei
693 1009 787 1080 cives
818 1003 1093 1078 Cameracenses
1113 1010 1357 1105 conjuratione

388 1129 482 1204 faeta
498 1132 681 1222 statuisse,
699 1127 802 1227 quod
817 1129 942 1200 nullus
955 1131 988 1200 ei
1004 1127 1168 1200 intrandi
1182 1132 1354 1202 civitatem

389 1253 540 1326 daretur
556 1253 671 1324 loeus.
687 1255 734 1323 lis
751 1251 886 1324 auditis
902 1251 1139 1351 perturbatus
1153 1253 1351 1351 episcopus,

388 1373 480 1475 quid
490 1375 584 1446 facto
592 1399 685 1472 opus
699 1377 758 1466 sit,
769 1377 894 1446 animo
902 1389 1056 1447 tractare
1064 1376 1192 1472 coepit.
1204 1373 1350 1464 Deinde,

387 1501 500 1571 accita
515 1521 591 1568 non
607 1523 721 1596 parva
738 1499 944 1570 amicorum
966 1499 1093 1596 eopia,
1117 1500 1250 1570 comite
1270 1521 1350 1596 quo·

387 1646 459 1720 que
474 1619 670 1712 Balduiuo,
686 1645 810 1693 versus
824 1623 1062 1694 Camaracum
1082 1623 1157 1694 vias
1177 1619 1343 1718 dirigunt.

386 1741 485 1834 Quid
503 1743 631 1840 plura?
648 1745 999 1842 Appropinquantes
1016 1747 1148 1842 portis,
1167 1756 1206 1815 et
1221 1743 1288 1815 illis
1304 1739 1345 1814 ad

385 1863 627 1940 resistendum
645 1868 800 1965 paratis,
818 1863 904 1938 dolo
926 1866 1119 1957 simulant,
1135 1867 1296 1964 jurantes
1312 1889 1344 1937 se

385 2013 470 2062 oum
488 2015 577 2089 pace
592 1991 737 2081 venire,
754 1991 854 2062 etsie
869 1991 1033 2089 permissi
1048 1991 1185 2062 intrare
1199 1991 1297 2063 eitius
1308 1987 1342 2060 fi·

385 2115 469 2190 dem
482 2131 687 2218 rumpunt.
703 2117 841 2190 Domos
861 2115 1061 2208 invadunt,
1087 2117 1233 2189 cellaria
1262 2115 1342 2188 diri-

382 2245 511 2342 piunt,
531 2243 664 2314 serinia
679 2239 939 2337 confringunt,
959 2253 994 2310 et
1014 2239 1139 2312 omnia
1159 2236 1340 2338 direptioni

383 2363 587 2455 tradentes,
618 2389 770 2457 aurum,
799 2376 1011 2460 argentum,
1040 2387 1143 2450 vasa,
1168 2375 1291 2454 vestes,
1309 2371 1338 2430 et
1428 2453 1429 2481 Χ

383 2485 571 2586 quidquid
601 2485 815 2560 delectabile
843 2501 920 2560 erat
943 2484 1159 2558 auferentes.
1182 2484 1335 2561 Certatim
1427 2535 1428 2559 t

296 2653 299 2657 ·
382 2591 612 2683 multimodis
634 2613 778 2684 onerati
801 2611 944 2710 spoliis,
967 2609 1167 2708 multisque
1191 2606 1336 2680 homini·

379 2735 449 2807 bus
463 2737 596 2834 captis,
614 2733 661 2807 ad
677 2759 742 2806 sua
763 2737 918 2833 quisque
932 2731 1176 2833 repedarunt,
1192 2746 1228 2804 et
1239 2734 1284 2804 sio
1294 2729 1332 2807 D·
1424 2775 1425 2793 κ

380 2857 566 2930 Gerardus
581 2859 619 2928 in
633 2883 698 2928 sua
712 2857 894 2928 relocatur
907 2855 1004 2929 sede.

429 2982 591 3077 Contigit
606 2993 686 3080 post
702 2979 780 3053 haec
793 2983 1006 3080 episcopum
1025 2977 1072 3052 ad
1094 2981 1218 3053 villam
1238 2981 1330 3050 Lam·

377 3104 481 3196 bras,
498 3129 582 3202 quae
598 3117 686 3178 tuno
706 3107 762 3177 sui
778 3107 873 3203 juris
895 3117 991 3196 erat,
1018 3103 1222 3196 devenisse,
1242 3117 1274 3174 et
1291 3099 1330 3170 ibi
1419 3139 1420 3184 ,

378 3228 652 3326 aliquantulum
677 3227 911 3300 demoratum
929 3251 1020 3322 esse;
1048 3227 1113 3299 ubi
1138 3253 1251 3328 quum
1270 3226 1329 3296 eia

377 3353 612 3426 narrantibus
626 3354 838 3424 intimatum
855 3365 945 3424 esset
959 3349 1149 3423 hominem
1165 3347 1328 3450 quendam

377 3457 527 3549 nomine
557 3474 825 3566 Ramihrdum,
856 3473 957 3573 apud
977 3475 1182 3572 proximam
1201 3473 1326 3556 villam,

376 3625 460 3698 quae
478 3612 530 3670 est
547 3597 737 3690 scherem,
758 3611 989 3688 manentem,
1010 3597 1126 3670 multa
1142 3610 1270 3698 praeter
1288 3589 1327 3664 fi·

378 3722 462 3794 dem
480 3719 742 3820 dogmatisare,
760 3725 884 3820 etjam
903 3721 971 3793 sub
990 3719 1158 3794 doctriua
1172 3745 1234 3794 sua
1250 3713 1327 3789 rnul-

374 3863 429 3922 tos
460 3845 683 3944 discipulos,
716 3849 987 3945 maximamque
1023 3847 1213 3946 utriusque
1242 3863 1325 3916 seam

373 3971 520 4073 plebem
553 3967 622 4042 sibi
657 3983 939 4041 consentaneam
967 3967 1225 4068 adquisivisse,
1255 3983 1325 4040 tunc

373 4099 450 4168 sine
464 4121 569 4167 mora
582 4091 801 4186 adductum,
822 4091 868 4166 de
886 4095 961 4166 vita
975 4107 1011 4166 et
1025 4091 1072 4166 de
1086 4093 1246 4168 doctrina
1262 4091 1323 4188 ejus
