2932 4974
383 517 440 572 2¹8
689 518 808 568 emori.
826 518 907 566 nau.
923 500 968 562 rr
980 517 1059 564 arn.

713 749 881 936 liop.
944 802 1054 878 xn.

751 1075 790 1122 DE
803 1075 894 1116 mu
906 1075 1032 1118 wicm-

383 1267 480 1378 Nae
500 1301 630 1402 procul
652 1299 742 1376 hine
753 1301 862 1406 opud
881 1305 1031 1380 Sanotoe
1049 1303 1111 1403 (id
1133 1302 1219 1379 looo
1248 1329 1351 1380 voot-

382 1423 538 1522 bulum)
563 1423 773 1523 puellarum
797 1423 964 1517 basilien,
996 1407 1071 1500 ubi
1092 1429 1128 1499 S.
1163 1427 1352 1504 Saturnine

383 1549 554 1647 quiescit,
577 1546 737 1622 traditur
754 1551 923 1625 extitisse.
946 1553 1061 1650 Porro
1082 1547 1164 1623 loeo
1185 1551 1290 1648 virgo
1310 1547 1350 1622 de

383 1671 585 1744 Germania
611 1671 796 1776 praedaris
821 1671 1005 1748 natalibus
1029 1684 1131 1764 orta,
1161 1673 1352 1771 apuerista

384 1817 489 1864 suam
519 1795 768 1890 virginitatem
786 1794 949 1868 Domino
978 1797 1098 1887 vovit,
1131 1819 1351 1893 quomrum

377 1929 552 2014 parentes
561 1919 667 2016 juxta
680 1919 795 1990 ritum
809 1916 1020 1992 secularem
1038 1919 1212 1994 meritare
1235 1917 1353 2018 dispo-

385 2052 534 2132 nerent,
550 2041 797 2137 integritatem
811 2038 966 2139 pudoris
976 2039 1118 2114 coelesti
1133 2063 1270 2140 sponso
1284 2065 1353 2114 ser-

384 2187 470 2236 vare
490 2163 662 2256 mallens,
678 2161 800 2236 viriles
814 2161 994 2238 thalamos
1007 2163 1138 2262 procul
1150 2161 1350 2238 abhorruit.

383 2282 519 2358 Videns
535 2301 659 2362 autem
677 2289 765 2384 quia
779 2301 844 2360 aut
859 2287 1043 2360 voluntati
1065 2299 1265 2385 parentum
1285 2311 1353 2360 non

384 2421 504 2504 posset
523 2411 700 2498 resistere,
728 2422 795 2482 aut
811 2412 974 2507 protervi
997 2414 1127 2508 sponsi
1154 2413 1352 2510 appetitum

384 2528 556 2620 evadere,
573 2555 596 2600 a
611 2531 773 2627 paternis
787 2529 929 2604 aedibus
942 2531 1099 2606 latenter
1115 2557 1276 2632 egressa,
1295 2531 1353 2604 lu-

383 2673 469 2748 gam
482 2652 579 2742 iniit,
588 2665 625 2726 et
638 2649 686 2724 ad
701 2649 798 2724 hano
811 2654 985 2728 viciniam
1000 2679 1117 2752 osque
1130 2655 1350 2754 perveniens,

380 2775 486 2871 juxta
516 2773 736 2874 praedictum
763 2777 889 2850 vicum
913 2799 1063 2850 cursum
1086 2757 1171 2853 v‘o'ae
1185 2776 1353 2872 martyrio

383 2899 669 2970 consummavit.
686 2899 780 2970 Nam
792 2900 850 2970 vir
869 2895 931 2970 ille
950 2900 1011 2970 oui
1034 2911 1140 2996 pacta
1156 2924 1179 2970 a
1196 2897 1354 2998 parenti·
1391 2909 1395 2916 ’

384 3015 455 3090 bus
471 3031 567 3110 erat,
584 3017 771 3117 palantem
787 3045 904 3118 usque
923 3017 972 3092 ad
993 3021 1114 3118 ipsum
1138 3019 1263 3094 locum
1282 3040 1355 3118 per-

380 3153 526 3212 secutus
539 3154 606 3216 est.
622 3143 740 3235 Quem
758 3167 845 3218 eum
859 3155 944 3242 post
957 3155 1102 3238 tergum
1121 3143 1228 3236 virgo
1250 3161 1354 3215 vene-

383 3261 508 3338 rabilis
523 3267 679 3342 eminus
704 3267 963 3363 prospexisset,
995 3275 1072 3336 tota
1091 3264 1305 3352 intremuit,
1323 3271 1355 3330 et

383 3385 574 3484 quomodo
586 3412 624 3460 se
641 3387 822 3465 morsibus
836 3386 1039 3460 infestantis
1051 3386 1177 3460 bestiae
1190 3387 1354 3458 eximeret

382 3510 510 3608 nescit.
527 3505 627 3598 Quid
643 3509 743 3578 enim
756 3507 913 3582 faceret?
928 3533 1032 3601 mox,
1048 3509 1104 3582 uti
1125 3521 1205 3580 erat
1223 3501 1352 3582 animal

382 3628 554 3727 simplex,
571 3627 797 3726 pastoribus,
813 3632 878 3728 qui
896 3629 984 3702 illuc
992 3653 1139 3728 gregem
1147 3626 1352 3726 pascebant,

382 3747 689 3823 abscondendam
706 3752 906 3842 interserit,
924 3753 1118 3851 taliterque
1133 3762 1354 3850 quaerentem

381 3870 494 3948 latere
507 3875 711 3947 aestimavit.
720 3871 830 3965 Quod
845 3888 965 3947 tamen
977 3876 1124 3972 juvenis
1138 3885 1353 3971 aucupatus,

381 4010 426 4068 ut
444 3996 556 4095 lupus
583 3999 743 4070 esuriens
770 4022 881 4096 snper
912 4001 1149 4072 innocentem
1176 3993 1352 4070 oviculam
