3044 4968
357 567 396 622 ’Β
629 573 747 621 cnon.
768 573 845 621 CAH.
860 569 903 619 ΕΤ
920 569 996 618 Aru.
1067 581 1071 591 ·

357 743 475 816 tribus
494 743 568 816 fere
591 741 755 816 millibus
773 742 820 816 ab
833 742 927 815 urbe
947 741 1116 836 distaret,
1136 743 1175 813 in
1203 744 1338 840 spiritu
1436 735 1444 750 ⁶

355 892 461 940 casus
477 869 533 940 sui
547 867 753 966 periculum
769 869 938 965 agnovit,
957 865 1060 965 quod
1073 864 1337 940 comitantibus

357 1012 482 1062 secum
494 991 679 1062 intimavit
691 987 1213 1082 ,dicenssNoveritis,fratres‚
1231 985 1335 1060 haud

357 1109 468 1209 longe
501 1111 745 1210 periculosam
770 1109 876 1182 nobis
904 1112 1039 1182 instare
1069 1112 1231 1183 ruinam.
1265 1112 1337 1182 Cui

358 1257 445 1304 cum
468 1235 701 1326 comitantes,
718 1261 722 1270 ·
739 1245 781 1304 ut
805 1232 929 1306 locum
957 1231 1184 1307 declinasset*
1204 1257 1338 1306 mone-

227 1385 236 1394 ·
358 1353 1333 1456 rent,nequaquam,inquit,fratresmci,voluntatem

359 1479 428 1551 Dei
449 1469 607 1577 effugere
638 1475 834 1570 debemus,
857 1480 922 1578 qui
939 1476 1023 1550 ideo
1036 1471 1259 1576 percutit-ut
1274 1503 1336 1550 sa-

353 1614 452 1673 net:
485 1599 623 1675 ideirco
654 1601 825 1675 vulnerat
856 1616 898 1673 ut
928 1601 1132 1674 medeatur.
1168 1598 1334 1674 Necdum

355 1724 473 1796 verba
490 1725 755 1824 compleverat,
774 1739 810 1797 et
823 1749 905 1798 ecce
918 1728 958 1798 in
974 1747 1168 1798 occursum
1182 1723 1260 1821 ejus
1278 1725 1336 1796 vir

353 1845 526 1944 quidamj
536 1847 727 1921 mendicus
747 1846 908 1921 advenit.
929 1849 1001 1940 Qui
1017 1871 1103 1920 cuin
1116 1869 1154 1918 se
1177 1839 1340 1922 adsalu-

360 1969 517 2042 tandum
543 1975 757 2072 episcopum
779 1971 934 2070 pronior
960 1970 1188 2062 inclinasset,
1217 1969 1340 2042 mulus

360 2093 422 2166 cui
444 2094 635 2194 episcopus
656 2092 858 2185 insederat,
882 2117 925 2164 ex
937 2092 1127 2166 salutantis
1140 2104 1246 2164 motu
1260 2085 1340 2164 tor-

360 2217 472 2308 ritus,
490 2216 613 2290 subito
635 2221 674 2288 in
689 2216 875 2290 diversum
889 2211 1037 2307 resiliit,
1053 2204 1089 2286 et
1103 2215 1242 2304 ruentis
1252 2213 1342 2286 eliso

354 2363 487 2421 crure,
529 2353 699 2437 apertum
738 2343 913 2436 campum
945 2341 1077 2416 tenuit.
1096 2343 1159 2410 'At
1191 2337 1341 2410 comites

354 2475 531 2533 ruentem
557 2463 772 2560 episcopum
792 2451 1040 2558 excipientis,-
1058 2458 1344 2561 propriis'ulnis
1380 2493 1382 2498 v

356 2581 411 2655 ad
427 2581 559 2658 urbem
574 2582 803 2683 bajularunt.

651 2764 811 2948 liat).
881 2727 1052 2908 aaut

362 3067 528 3113 maurum(
540 3071 715 3115 mcum!
723 3074 813 3116 suen
827 3073 948 3124 Quom
956 3072 1103 3118 amon!
1111 3073 1131 3114 Α
1139 3071 1251 3117 smero
1259 3069 1335 3114 m-

682 3153 761 3218 βθΡῠ
768 3153 1029 3229 ”comum

361 3287 522 3403 posunt
544 3325 632 3402 vero
659 3331 719 3402 vir
751 3326 904 3430 quidam
936 3329 1089 3426 negotiis
1116 3323 1341 3398 militaribus

361 3450 526 3544 deditus,
543 3453 606 3525 sed
621 3453 829 3548 rapacitatis
851 3449 980 3524 studiis
993 3453 1176 3542 intentus,
1193 3471 1341 3548 posses-

361 3569 479 3645 siones
509 3575 545 3642 S.
568 3575 709 3665 Mariae,
739 3597 823 3670 quae
843 3575 883 3644 in
911 3575 1098 3646 territorio
1110 3571 1341 3644 Atrebatcusi

360 3694 626 3792 conjacebant,
650 3695 834 3794 frequenti
869 3697 1079 3767 incursione
1120 3691 1342 3793 depopulari

352 3832 613 3893 consueverat.
630 3821 712 3911 Qua
728 3816 774 3891 de
789 3843 828 3891 re
853 3843 947 3917 saepe
963 3817 1010 3890 ab
1030 3819 1201 3916 episcopo
1228 3837 1343 3888 voca·-

349 3955 442 4034 ‹tus,
478 3969 563 4016 cum
602 3931 772 4016 maleficii
792 3943 849 4015 sui
880 3941 994 4014 linem
1029 3939 1118 4012 darc
1144 3938 1338 4027 noluisset,

360 4068 496 4166 praesul
529 4067 737 4168 apostolicae
763 4067 989 4142 auctoritatis
1011 4067 1113 4163 virga
1135 4059 1341 4140 feriendam
