3088 4968
928 529 986 536 --n
1001 529 1013 535 .-
1024 524 1103 538 mo...-A
1123 531 1125 535 .
1145 531 1150 534 .
1167 529 1184 536 ,.

589 575 682 620 tinen
695 573 822 622 Himil-
1155 565 1192 619 29

205 531 437 546 ...u-n-n—-ffl-

212 749 333 838 cavit,
371 736 664 844 pigneribusque
703 753 913 812 sanctorum
954 737 1190 836 compositis,

211 869 348 943 divinis
358 863 523 940 cultibus
536 863 694 960 aptavit,
705 862 770 934 ubi
781 887 897 960 usque
912 864 952 932 in
966 858 1192 932 hodiernum

192 990 410 1064 celebratio
431 999 556 1059 sancta
578 987 785 1084 peragitur,
809 985 924 1055 immo
948 995 985 1054 et
1005 983 1084 1056 Deo
1105 994 1191 1056 vota

188 1114 426 1187 solvuntur.

518 1233 714 1506 ¹(litto.
754 1385 890 1470 xrr.

218 1630 380 1674 mmm!
393 1629 506 1670 muno
515 1627 705 1670 m'l'offliiiss
718 1631 872 1674 RPMOPUS
886 1631 947 1673 CUM
960 1634 981 1673 Β.
1001 1633 1138 1675 ARNULFO
1157 1637 1195 1677 ΕΤ

254 1711 363 1750 mm
377 1709 468 1754 Auis,
492 1708 540 1748 (ΙΙΙ
553 1707 730 1751 ΝΕΕΙΒΜΙΙΔ
749 1711 898 1754 BCGIAESIAE
915 1713 1072 1756 TBACTATA
1083 1715 1165 1758 SUNT.

224 1911 456 2028 linium
476 1957 585 2028 etiam
603 1958 642 2027 in
666 1958 773 2054 gestis
789 1959 990 2032 Remorum
1011 1961 1198 2058 episcopo-

226 2103 328 2170 rum,
351 2077 762 2176 (maureliaco.
790 2080 856 2174 5.)
879 2079 981 2177 quod
1006 2083 1082 2177 ipse
1109 2082 1199 2150 Ber-

230 2198 371 2274 toaldus
394 2202 586 2300 episcopua
610 2198 777 2270 interfuit
799 2199 942 2296 synodo
960 2202 1081 2300 :quarn
1106 2203 1201 2271 Son-

227 2323 348 2394 natiue
382 2325 584 2395 Remorum
617 2323 807 2421 episcopus
857 2321 1073 2413 celebravit,
1115 2347 1201 2394 cum
1262 2316 1267 2330 '

226 2440 454 2518 Theoderico
484 2441 744 2544 Lugdunensi,
783 2443 952 2517 Sindulfo
982 2445 1198 2536 Viennensi,

227 2565 386 2664 Sulpitio
406 2567 640 2660 Biturioensi,
660 2563 879 2666 Medegiselo
894 2571 1118 2659 Turonensi,
1135 2570 1202 2638 Se-

227 2711 322 2760 noco
342 2687 575 2780 Elosanensi,
603 2691 758 2762 Leontio
783 2691 1040 2780 Sanctonensi,
1065 2687 1202 2760 luodo-

227 2807 315 2881 aldo
328 2809 815 2912 Treverensi,Chuneberto
833 2809 1064 2900 Coloniensi,
1082 2809 1204 2881 Ricle-

229 2934 286 3002 rio
328 2935 551 3035 senonensi,
595 2932 741 3004 Donato
784 2931 1079 3019 Vesontionensi,
1119 2956 1204 3003 cum

231 3053 358 3126 multis
384 3057 494 3126 etiam
525 3053 604 3126 aliis
635 3054 833 3152 episcopis,
864 3077 1025 3150 quorum
1052 3055 1206 3123 nomina

232 3173 390 3248 brevitas
409 3175 578 3274 neglexit.
600 3177 796 3274 Reperitur
819 3183 968 3271 quoque
1002 3174 1039 3242 S.
1066 3171 1207 3242 Arnul-

236 3295 294 3366 fus
326 3298 528 3373 interfuisse
556 3300 792 3370 Mettensium
817 3293 964 3393 praesul.
988 3297 1030 3362 In
1054 3319 1127 3390 qua
1144 3319 1208 3386 sy-

238 3417 337 3490 nodo
354 3423 471 3494 multa
487 3421 663 3519 leguntur
678 3419 786 3492 utilia
799 3417 1023 3504 constituta,
1036 3411 1081 3482 de
1099 3413 1207 3486 rebus

232 3541 368 3616 scilicet
398 3546 556 3620 ecclesiae
593 3543 751 3643 qualiter
794 3534 994 3612 tractandae
1021 3522 1113 3609 sint.
1151 3535 1207 3608 De

235 3664 374 3739 clericis
391 3666 579 3760 videlicet,
596 3670 704 3766 siqui
726 3664 934 3738 rebellionis
955 3685 1067 3752 ausu,
1086 3685 1209 3733 sacra-

237 3792 371 3864 mentis
390 3817 427 3863 se
452 3805 516 3863 aut
538 3793 728 3892 scripturae
752 3787 1006 3886 conjuratione
1027 3783 1212 3854 constrin-

236 3915 377 4006 xerint,
401 3927 511 4013 atque
534 3911 684 3986 insidias
700 3913 872 4012 episcopo
890 3933 956 3980 suo
974 3901 1106 3979 callida
1120 3899 1212 3972 alle-

237 4037 387 4132 gatione
407 4037 652 4132 confecerint,
681 4049 724 4110 ut
753 4036 783 4108 si
805 4029 986 4108 admoniti
1018 4020 1213 4098 emendare
1336 4049 1341 4057 ·
