2932 4974
465 557 560 600 trouu
579 555 730 602 neutros·

102 718 292 789 memorie
306 719 542 816 episcopum,
559 717 746 792 Baldricus
765 715 997 792 leodicensis
1017 745 1087 794 eo·-

101 837 217 914 desiae
236 836 392 938 adeptus
412 853 466 912 est
488 837 729 939 dignitatem,
750 839 993 914 [autbertum
1016 867 1087 915 oo-

101 960 230 1034 mitem
245 983 430 1033 assumere
443 962 482 1032 in
496 963 698 1036 amicitiam
708 963 930 1052 voestimavit,
953 976 1085 1062 utpote

101 1083 438 1179 consanguineum,
457 1095 493 1154 ct
508 1080 593 1156 ideo
610 1081 820 1182 adjutorem
834 1085 964 1180 patriae
976 1083 1086 1156 futu-

101 1227 199 1276 rum.
212 1206 332 1304 Hujus
344 1219 467 1278 autem
482 1203 677 1304 perfidiam
691 1201 879 1276 Gerardus
890 1206 1086 1304 episcopus

100 1321 323 1421 plerumque
345 1339 572 1424 compertam
597 1325 807 1416 intimavit,
836 1339 873 1396 et
900 1349 947 1396 ne
972 1323 1085 1400 illum

100 1444 171 1518 sibi
188 1442 417 1538 adscisceret,
435 1445 669 1539 exhortatur,
686 1445 877 1518 homiuem
892 1471 967 1520 etse
980 1450 1081 1520 euim
1118 1441 1122 1450 '

101 1565 321 1660 subdolum,
337 1567 412 1640 fide
427 1593 610 1661 vaenum,
633 1567 815 1641 timendas
836 1570 915 1666 ejus
935 1566 1083 1641 eallidi-

103 1701 204 1762 tates.
223 1687 333 1782 Quod
347 1690 511 1789 profecto
525 1705 651 1790 postea
665 1692 714 1762 ita
728 1689 900 1790 probavit
911 1705 1084 1765 eventius.¹

102 1812 305 1910 Episcopus
318 1815 438 1906 enim,
455 1840 541 1888 eum
560 1817 600 1885 in
620 1813 708 1888 villa
730 1810 922 1887 Huvardas
947 1813 1083 1886 castel-

104 1931 182 2006 lum
205 1937 397 2028 muniret,
414 1935 463 2012 ad
481 1937 695 2010 firmitatem
709 1932 880 2010 videlicet
896 1937 1015 2034 pacis,
1033 1936 1082 2010 ad

105 2055 285 2129 maleficos
305 2057 549 2150 territandos,
575 2060 652 2157 ipse
669 2057 919 2147 Lantbertus,
948 2057 1082 2130 suroris

106 2178 160 2248 sui
183 2175 414 2252 obstaculum
434 2179 584 2272 videns,
607 2203 693 2250 mox
717 2176 792 2250 lide
812 2193 974 2271 mutata,
991 2205 1084 2253 oon-

106 2313 247 2395 gregata
262 2299 386 2374 valida
408 2327 541 2396 manu,
557 2299 750 2392 Rothodo‚
770 2300 1009 2374 Namurcensi
1024 2327 1084 2376 co-

108 2421 210 2514 mite,
229 2422 300 2494 sibi
315 2422 503 2516 adhibito,
525 2451 601 2498 non
616 2423 766 2496 erubuit
778 2423 974 2523 praesulem
989 2427 1085 2500 inva·

109 2537 213 2638 dere,
236 2545 485 2645 omnibusque
505 2547 666 2646 fugatis,
699 2547 969 2618 Herimannum
994 2561 1083 2620 tan-

108 2663 299 2737 tummodo
316 2668 507 2760 comitem,
525 2669 585 2740 cui
603 2661 681 2740 erat
701 2666 839 2768 pudori
863 2667 1007 2765 fugere,
1029 2669 1083 2741 ibi

108 2785 144 2856 in
160 2787 309 2860 ecclesia
322 2791 358 2860 S.
368 2791 562 2888 Gorgonii,
578 2789 645 2862 ubi
661 2787 813 2888 quidem
831 2813 894 2886 spe
911 2793 1083 2864 resisten-

109 2902 144 2977 di
174 2907 340 3002 sublata,
373 2893 461 3010 quia
494 2909 664 3012 fugerant
694 2911 838 3006 cuncti,
870 2927 1080 3006 secesserat,

109 3043 253 3127 captum
279 3030 440 3104 Rotbodi
471 3037 614 3108 comitis
642 3034 818 3108 custodiae
848 3035 1081 3109 commenda·

108 3149 168 3220 rit.
193 3150 305 3246 Quod
334 3155 501 3252 quamvis
528 3157 653 3228 amicis
677 3158 781 3255 ejus,
813 3155 975 3228 multum
1010 3155 1084 3230 do-

108 3269 264 3347 lentibus
296 3301 342 3348 ne
378 3274 445 3346 diu
475 3290 693 3370 teneretur,
725 3290 933 3376 suspectum
962 3277 1081 3372 soret,

110 3391 230 3471 divina
244 3412 368 3470 tamen
383 3395 596 3490 clementia,
618 3422 702 3497 quae
719 3377 805 3470 vota
825 3398 994 3468 omnium
1016 3423 1085 3469 su·-

109 3521 292 3616 pervadit,
309 3523 348 3593 in
372 3521 503 3596 melius
524 3522 765 3624 prosperavit.
789 3518 951 3593 Rotbodi
975 3545 1085 3594 nam-

111 3665 177 3738 que
192 3645 336 3716 comitis
350 3659 487 3736 mater,
506 3669 596 3716 sano
610 3670 675 3716 usa
689 3642 862 3736 oonsilio,
884 3645 1085 3718 Heriman-

110 3785 196 3836 num
211 3765 382 3838 comitem
399 3767 472 3838 suls
490 3766 615 3838 amicis
627 3789 663 3837 se
681 3761 869 3838 redditum
886 3767 938 3838 ire
951 3769 1085 3864 promi·

110 3885 171 3977 sit,
195 3891 225 3959 si
253 3914 328 3988 pro.
355 3903 456 3961 tanta
486 3889 798 3982 commutatione,
829 3888 898 3960 sihi
928 3889 1084 3986 gratiam

111 4011 311 4084 amicorum
352 4015 465 4111 ipsius
505 4014 726 4086 Hcrimanni-
757 4027 802 4084 et»
826 4011 1084 4110 imperatoris,
