3044 4968
375 512 433 567 ¹08
661 518 781 566 GHRON·
800 517 879 564 (issi.
899 518 942 563 ΕΤ
962 515 1039 562 ΛΤΒ.

637 853 648 892 s
675 747 836 931 αἱαὶ).
910 801 1082 881 LXXI.

377 1036 455 1090 ouon
476 1037 527 1080 usr
546 1039 717 1080 nmmos
735 1040 813 1080 orro
833 1035 974 1080 rasurus
990 1035 1078 1078 avers
1098 1011 1250 1078 nnnuwrer
1262 1037 1369 1082 sum

449 1118 555 1160 nosras
568 1117 750 1162 sammua,
763 1115 913 1158 eanum
929 1105 1109 1154 rumbertus
1125 1113 1282 1156 namur.

350 1386 352 1392 7
380 1265 548 1376 lanan
562 1301 755 1375 Gallorum
770 1304 963 1403 princeps,
980 1303 1089 1399 Hugo
1104 1299 1272 1375 videlieet
1285 1305 1368 1402 qui

381 1421 574 1498 dicebatur
591 1425 764 1522 Magnus,
782 1423 1000 1496 Vuillelmus
1012 1447 1162 1522 quoque
1178 1427 1368 1496 Rotoma-

382 1550 550 1644 gensium
573 1544 648 1620 dux
665 1548 931 1639 ferocissimus,
960 1569 1084 1644 regem
1101 1569 1211 1618 suum
1229 1545 1365 1619 Ludn-

383 1672 518 1743 wieum
531 1669 676 1742 assidua
691 1669 921 1743 infestatione
937 1667 1200 1766 impugnabat,
1217 1666 1365 1768 diuque

383 1793 481 1863 inter
492 1817 529 1864 se
542 1795 719 1892 utrinque
737 1796 815 1866 sine
832 1793 1099 1864 intermissione
1113 1788 1370 1872 dimicabant.»

383 1911 519 1986 Videns
533 1929 657 1988 autem
670 1911 733 1988 rex
745 1939 823 1988 non
836 1937 938 2014 posse
952 1939 989 1986 se
1001 1913 1138 2013 absque
1152 1913 1272 1990 aliena
1288 1939 1365 2016 ope

385 2031 622 2110 inimieorum
648 2063 821 2138 superare
849 2039 1047 2131 saevitiam,
1068 2038 1366 2135 imperatorem,

386 2159 558 2232 Ottonenr
580 2158 768 2250 videlieet,
791 2160 955 2234 Heinrici
976 2159 1070 2256 regis
1091 2155 1232 2250 filium,
1255 2161 1365 2256 cujus

386 2303 548 2354 sororem
564 2281 790 2381 Gerberganr
805 2284 1042 2380 matrimonio
1055 2280 1180 2372 duxit,
1200 2279 1267 2352 sibi
1285 2279 1363 2351 ad-

381 2402 544 2499 jutorem
560 2401 784 2502 adstringere
797 2405 1008 2499 aestimavit,
1025 2405 1215 2502 missisque
1230 2413 1364 2474 orato-

387 2521 490 2594 ribus
507 2522 556 2595 ad
571 2522 611 2596 id
625 2528 763 2623 negotii
782 2549 869 2598 eum
890 2523 1061 2623 precibus
1082 2525 1265 2598 invitavit.
1288 2526 1364 2618 Qui

389 2648 568 2719 continuo
581 2645 751 2720 fraternis
765 2647 1033 2721 monitionibus
1048 2645 1278 2721 familiariter
1299 2673 1365 2722 au-

387 2769 548 2862 cinctus,
585 2767 695 2846 duces
720 2797 806 2846 suos
835 2797 877 2846 ac
904 2773 1089 2872 principes
1117 2770 1215 2844 bello
1239 2773 1365 2870 parari

261 2957 265 2968 .
390 2893 585 2990 praecepit,
601 2897 810 2993 paratisque
833 2897 993 2986 viaticis,
1020 2893 1158 2991 absquo
1185 2891 1366 2966 dilatione

386 3013 492 3110 juxta
504 3027 696 3112 precatum
712 3031 828 3090 eastra
844 3020 980 3108 movit,
1003 3018 1128 3115 sieque
1148 3016 1270 3112 primo
1287 3017 1366 3087 Pa-

390 3135 539 3227 risium,
555 3134 690 3209 deinde
709 3140 955 3236 Rotomagum
978 3161 1095 3235 usque
1114 3138 1328 3235 perveniens
1347 3189 1360 3229 ,

391 3280 518 3329 ornnes
528 3259 680 3332 vicinias
694 3258 914 3353 devastavit,
931 3259 1058 3363 ibique
1078 3261 1163 3331 satis
1184 3259 1366 3331 miseran-

391 3375 478 3450 dam
489 3393 628 3479 pestem
639 3379 768 3454 edidit.
780 3381 922 3455 Exinde
935 3359 1022 3456 vero
1029 3378 1211 3453 exhaustis
1221 3379 1367 3451 ultione

390 3498 577 3590 hostibus,
594 3524 680 3571 cum
693 3505 892 3600 repatriare
915 3499 1084 3592 deberet,
1108 3503 1148 3572 in
1172 3502 1252 3599 ipso
1273 3500 1366 3599 qui-

391 3616 477 3690 dem
491 3615 614 3692 reditu
626 3622 667 3692 in
680 3621 812 3694 urbem
827 3624 1144 3696 Cameracensium
1159 3635 1276 3714 eastra
1288 3643 1366 3692 me-
1400 3625 1403 3634 '

392 3740 462 3810 tari
477 3737 674 3839 disposuit,
702 3744 913 3819 visitaturus
936 3747 1076 3845 quippe
1103 3739 1293 3843 quomodo
1313 3741 1364 3815 D.

390 3861 589 3938 Fnlbertus
603 3867 793 3967 episcopus
808 3870 848 3942 in
863 3867 973 3946 rebus
990 3866 1235 3946 ecelesiasticis
1250 3889 1288 3942 se
1300 3862 1367 3942 ha·

391 3981 507 4058 beret.
