3088 4968
587 580 692 626 trima
714 581 843 628 ramus.
1172 573 1209 626 85

228 775 298 850 pro
320 762 421 823 certo
442 743 573 818 audire
598 743 770 836 sufficiat,
796 743 900 844 quod
923 744 971 818 ad
991 759 1210 818 remunera-

225 875 367 944 tionem
382 871 442 943 sui
456 869 593 940 laboris
608 866 667 939 die
682 869 783 941 obita
797 895 833 942 v.
845 867 930 942 idus
944 872 1067 942 martii
1081 871 1209 968 migra·

226 999 284 1070 vit
310 993 360 1067 ad
383 991 595 1082 Christum,
624 992 862 1092 sepultusque
886 1007 939 1065 est
966 995 1005 1062 in
1035 992 1205 1086 basilios,

229 1121 272 1190 in
289 1117 374 1189 loeo
386 1113 558 1188 videlicet
572 1115 637 1212 qui
659 1111 795 1188 dicitur
813 1115 921 1186 Mons
942 1117 977 1186 S.
995 1113 1125 1212 Eligii,
1142 1115 1208 1188 ubi

232 1237 423 1340 quondam
441 1240 539 1337 ipse,
559 1262 647 1308 oum
663 1251 855 1334 aegrotaret
872 1236 974 1337 apud
989 1237 1204 1330 Brosellam,

229 1360 400 1435 dioecesis
420 1385 492 1434 suoe
520 1361 767 1450 territorium,
794 1348 903 1458 jussit
932 1385 969 1432 se
999 1360 1206 1454 transferri,

230 1510 304 1585 pro
320 1481 479 1582 eoquod
495 1482 548 1554 ibi
563 1485 603 1552 B.
619 1481 1012 1584 Eligiushabitationis
1028 1509 1103 1556 suae
1117 1483 1210 1556 fece-

228 1621 288 1679 rat
302 1605 559 1699 diversorium,
575 1605 636 1676 oui
649 1604 938 1680 B.Vindioianus
952 1606 1124 1679 familiari
1143 1629 1209 1677 usu

228 1727 437 1804 dilectionis
457 1726 665 1802 inhaeserat.

521 1949 679 2130 dap.
730 2003 901 2083 xxm.

231 2285 368 2328 amous
374 2284 489 2337 numu
496 2283 616 2324 TUMULO
629 2284 650 2323 S·
658 2283 721 2323 ml
729 2282 910 2326 numam
919 2281 1090 2330 menbrana,
1098 2283 1208 2326 Lunata

454 2363 604 2404 Pfflffll!
623 2363 663 2404 n·
678 2360 752 2402 trs!
769 2361 977 2404 mutamus.

231 2553 347 2662 Poss
380 2587 543 2660 multum
575 2589 766 2687 temporis,
800 2613 885 2663 cum
912 2594 991 2690 jam
1024 2591 1207 2664 Dominus

228 2725 399 2784 sanctum
410 2735 519 2784 suum
533 2710 722 2783 mirificari
736 2709 966 2811 disponeret,
978 2735 1086 2784 causa
1096 2715 1208 2785 iuter-

228 2837 333 2906 venit
362 2859 445 2932 quae
464 2834 577 2930 signis
598 2830 887 2906 evidentioribus
904 2837 1058 2933 jacentis
1079 2837 1209 2908 merita

232 2955 492 3030 manifestaret.
518 2959 634 3026 Erant
654 2954 819 3028 Atrebati
840 2957 1023 3028 nobilium
1041 2959 1207 3030 virorum

230 3077 300 3150 filii
311 3079 515 3152 literalibus
522 3077 724 3178 disciplinis
735 3078 983 3178 submagistro
995 3079 1204 3152 erudiendi.

229 3203 279 3274 Et
295 3216 439 3302 tempus
456 3200 654 3276 advenerat
681 3226 757 3301 quo
777 3203 846 3300 ipsi
866 3205 993 3300 pueri,
1013 3202 1060 3274 ab
1077 3201 1207 3278 eodem

235 3327 405 3421 magistro
421 3326 555 3422 rogati,
574 3321 622 3395 ad
641 3325 871 3420 scriptoriam
892 3338 1007 3394 artem
1024 3325 1208 3422 liquorem

230 3442 348 3520 facere
362 3445 552 3520 deberent.
568 3447 687 3518 Locus
702 3457 826 3516 autem
840 3470 915 3544 quo
929 3445 987 3518 vir
1002 3445 1071 3517 Dei
1088 3446 1209 3544 sepul-

229 3581 289 3642 tus
310 3568 543 3668 quiescebat,
564 3571 643 3668 jam
670 3565 844 3668 vepribus
876 3581 912 3640 et
937 3569 1050 3668 spinis
1076 3567 1209 3668 plenus

228 3705 326 3783 erat,
348 3717 417 3765 neo
435 3690 621 3764 habitator
635 3692 729 3764 inibi
742 3706 840 3784 erat,
857 3717 926 3792 pro
940 3715 983 3763 eo
1001 3689 1104 3792 quod
1120 3719 1210 3790 geu-

232 3813 354 3884 tilium
371 3811 621 3904 infestatione,
640 3812 741 3885 locus
762 3838 804 3884 ex
827 3813 946 3885 multo
964 3828 1128 3912 tempore
1146 3813 1207 3884 de·

229 3949 347 4006 sertus
363 3935 494 4006 luerat.
511 3935 630 4032 Hujus
652 3936 704 4005 rei
722 3959 834 4033 quam
849 3961 957 4006 narro
973 3945 1076 4004 testes
1091 3933 1209 4032 usque

229 4054 283 4129 ad
299 4069 421 4131 nostra
443 4070 610 4158 tempora
626 4056 854 4157 superfuere.
880 4058 1005 4153 Supra
1016 4058 1209 4130 memorati
