3088 4968
356 479 635 494 ψ

364 523 401 578 2⁴
660 527 779 575 onnon
799 523 877 574 ortt.
893 525 939 596 ¹ur
957 525 1035 574 Aru.

363 695 591 768 mentionem
629 695 669 762 Β.
713 691 899 798 Remigius
937 689 1097 788 henigne
1134 687 1263 761 recolit
1296 689 1338 760 in

364 827 580 888 testamento
610 838 695 906 suo,
729 816 779 886 ita
807 813 968 886 aeribene
996 840 1006 884 z
1038 813 1203 884 Eceleaioe
1226 813 1339 880 Auu-

365 939 499 1010 omme·
539 943 599 1009 oui
610 991 622 1025 ,
653 939 727 1009 Deo
764 949 926 1024 aurore,
972 936 1164 1009 Vodoatum
1184 938 1339 1028 smum

364 1085 477 1131 meum
497 1065 720 1132 meiaaimum
743 1065 936 1153 epeaeopum
954 1063 1166 1144 emmoni,
1190 1083 1234 1126 er
1253 1058 1339 1127 dono

318 1163 342 1184 ⁰
356 1187 438 1274 jam
453 1183 540 1251 dieti
550 1185 740 1274 princepis,
759 1176 798 1249 id
828 1191 881 1249 eet
911 1175 1136 1249 Hludouviei
1160 1199 1272 1275 quem
1293 1174 1340 1248 de

364 1325 468 1373 sacro
482 1299 583 1372 fonte
599 1301 759 1400 suscepi,
780 1299 992 1375 willardum
1011 1307 1051 1369 iu
1072 1299 1253 1394 stipendio
1267 1297 1341 1369 010-

365 1429 518 1496 n'oomm
543 1425 712 1520 delepavi,
746 1424 853 1494 Oreoe
879 1423 1036 1493 videlieet
1059 1435 1092 1492 et
1120 1421 1338 1493 Sobtwetum.

366 1545 456 1641 Ejus
474 1545 612 1616 exitum
636 1543 811 1616 oolumna
837 1543 948 1634 lucia,
969 1543 1047 1616 risa
1063 1569 1085 1614 a
1108 1541 1240 1615 cellula
1262 1545 1340 1641 ejus

366 1664 416 1737 ad
444 1666 583 1739 coelum
616 1689 733 1765 usque
758 1668 964 1765 conspicua
987 1666 1080 1738 lucis
1108 1678 1228 1737 tractu
1251 1689 1341 1764 per-

368 1791 533 1888 tingere,
566 1787 795 1887 designavit,
828 1813 941 1887 quam
972 1782 1057 1860 mox
1089 1787 1342 1885 subsequentis

354 1909 491 1982 -obitue
500 1935 601 1982 sacra
613 1909 858 1982 illustraverat
872 1907 962 1980 dies.
980 1911 1117 1980 Mirum
1132 1907 1227 1980 illud
1240 1905 1343 2008 quod

367 2033 466 2104 inter
487 2031 774 2127 lacrymantium
799 2031 957 2128 gemitus
978 2032 1018 2102 in
1042 2043 1158 2123 terra,
1182 2029 1344 2129 psallen-

370 2156 465 2226 tium
489 2178 593 2227 voces
623 2151 872 2226 audiebantur
892 2157 933 2224 in
963 2153 1071 2226 coelo.
1097 2153 1269 2252 Sepultus
1290 2165 1345 2225 est

368 2292 492 2350 autem
523 2279 563 2346 in
585 2275 735 2348 ecelesia
757 2276 874 2348 beatae
892 2275 1043 2370 virginis
1072 2276 1216 2364 Mariae,
1241 2271 1345 2346 haud

367 2397 563 2498 proculab
587 2399 667 2495 ipro
688 2397 814 2488 altari,
834 2397 882 2468 ad
899 2395 1094 2468 australem
1117 2396 1277 2496 plagam.
1299 2399 1343 2468 In

367 2545 444 2620 quo
466 2520 549 2592 loco
568 2543 635 2617 per
655 2518 797 2615 aliquot
820 2521 994 2617 temporis
1013 2520 1173 2618 quievit,
1203 2543 1344 2618 quous-

367 2665 458 2740 que,
475 2637 659 2712 revelante
672 2637 847 2732 domino,
865 2666 886 2712 a
902 2641 988 2714 viris
1007 2644 1066 2714 SS.
1088 2639 1268 2714 Autherto
1284 2655 1370 2714 at·-

368 2787 441 2860 que
457 2761 691 2852 Audomaro,
718 2758 766 2832 ad
787 2760 933 2856 locum,
958 2763 1025 2836 uhi
1045 2788 1147 2835 nuno
1167 2765 1245 2862 ejus
1263 2787 1344 2836 me-

367 2887 486 2956 moria
498 2883 627 2980 fulget,
642 2884 854 2958 feliciterest
863 2885 1071 2977 translatus,
1085 2887 1179 2958 sicut
1194 2887 1232 2958 in
1246 2886 1343 2960 libro

366 3008 452 3078 vitae
465 3009 496 3105 ej
502 3030 556 3098 us,
572 3019 607 3078 et
623 3006 767 3105 plenius
780 3009 819 3077 iu
834 3009 940 3106 gestis
953 3009 993 3079 B.
1009 3007 1178 3080 Autberti
1193 3009 1339 3107 legitur.

365 3133 410 3202 ln
439 3154 513 3226 qua
548 3128 783 3201 translatione
813 3133 853 3200 Β.
885 3128 1119 3202 Andomarus
1150 3145 1341 3229 receptum

366 3251 566 3350 corruptile
588 3251 653 3350 (1)
671 3251 764 3324 lucis
792 3277 928 3324 munus
951 3250 1086 3344 fertur,
1108 3255 1344 3353 reimpetrata

366 3376 544 3466 caecitate,
566 3377 707 3448 vitasse.
737 3376 857 3474 Hujus
887 3389 969 3472 post
990 3375 1134 3448 obitum
1166 3374 1345 3450 miracula

367 3497 454 3570 alias
475 3497 630 3595 diligens
648 3498 763 3570 lector
780 3499 954 3572 inveniet.
1025 3559 1028 3564 Α

403 4007 455 4074 (l)
476 4019 508 4062 A·
527 4009 545 4062 b
561 4015 588 4062 et
605 4017 637 4062 u.
656 4011 824 4082 corruptibile.
