3088 4968
365 591 404 644 ὅθ’
636 594 755 640 CHRON.
775 593 853 640 CAH.
869 595 911 639 ΕΤ
929 593 1006 638 Aru.

364 775 427 852 rit,
437 766 699 858 falsariusesse
710 774 947 860 ooqaoscotur,
958 766 1339 854 ets‘aossispermomot.

365 889 592 980 Sedprtams
604 887 741 956 dotatio
754 909 778 958 a
794 887 957 974 maseato
970 888 1220 978 omnitempore
1229 885 1343 976 fisano

365 1023 397 1082 et
409 1011 575 1080 inviolata
582 1019 798 1102 permoneat,
812 1007 1032 1100 stapulote'one
1040 1005 1193 1076 subnixo
1204 1003 1345 1074 mones

365 1159 443 1204 rum
461 1138 618 1215 testium,
632 1131 764 1204 domini
774 1129 930 1198 uidelicet
948 1128 1159 1200 Vindios'om'
1175 1131 1344 1219 episcopi,

365 1266 398 1323 et
410 1255 568 1323 Fulberti
582 1253 803 1342 meist-atris,
819 1251 879 1322 sed
890 1251 946 1320 ill.
971 1260 1004 1320 et
1018 1249 1075 1320 tlt.
1109 1251 1238 1318 Actum
1256 1249 1346 1319 Μα-

365 1375 497 1445 m'colis.
521 1377 597 1467 Ipsa
614 1385 726 1444 tomen
745 1371 976 1457 Huntbsrtus,
997 1376 1063 1443 atsi
1081 1381 1262 1464 peccator,
1277 1369 1346 1444 ab·

367 1499 446 1584 bas,
453 1500 601 1592 propria
614 1517 721 1564 manu
738 1497 912 1589 confirmo.

630 1706 794 1896 (bap,
849 1765 1075 1842 xxv111.

590 2015 850 2067 membranam
866 2025 967 2068 uonna
983 2027 1004 2066 s.
1018 2024 1120 2067 anion.

368 2213 444 2324 Da
458 2241 534 2314 vita
552 2235 664 2335 hujus
681 2237 880 2311 beatissimi
901 2235 1085 2336 pontificis
1107 2247 1217 2335 atque
1235 2232 1347 2333 glori·

368 2363 520 2434 osissimi
532 2358 894 2433 contessorischrissi
908 2357 1246 2458 pauoaJretulimuQ
1262 2381 1348 2455 quae

369 2497 434 2554 aut
458 2506 527 2580 pro
548 2483 697 2554 raritate
722 2495 758 2552 et
778 2482 924 2578 ignavia
945 2482 1166 2579 scriptorum
1181 2477 1349 2576 neglecta

368 2618 563 2706 putamus,
577 2618 642 2675 aut
655 2629 724 2702 pro
746 2602 986 2676 seditionibus
1007 2602 1236 2703 procellosis,
1260 2603 1351 2700 qni-

368 2727 438 2800 bus
458 2741 598 2800 sanctas
612 2727 680 2798 Dei
697 2726 861 2799 ecclesias
879 2751 1022 2826 semper
1039 2723 1269 2821 naufragasse
1288 2749 1351 2796 su-

368 2875 437 2948 pra
450 2847 628 2940 diximus,
646 2849 780 2947 scripta
795 2847 999 2948 disperiisse
1020 2845 1216 2920 credimus.
1238 2845 1348 2938 Quod

369 2969 535 3070 profecto
545 2971 698 3042 minime
711 2984 764 3042 est
778 2969 1042 3044 dubitandum.
1051 2971 1149 3042 Fieri
1163 2972 1263 3042 enim
1276 2993 1350 3068 po-

366 3108 456 3184 test,
471 3108 514 3165 ut
533 3119 619 3166 oum
642 3097 751 3166 tantis
769 3093 1068 3168 subversionibus
1090 3091 1346 3182 aeclesiarum,

370 3242 447 3289 nna
469 3219 581 3290 etiam
601 3216 811 3310 volumina,
828 3218 964 3316 quibus
984 3217 1091 3288 series
1112 3215 1197 3288 vitea
1218 3228 1254 3287 at
1275 3216 1350 3286 mi-

370 3339 584 3417 raculorum
599 3337 710 3439 hujus
726 3343 842 3414 sancti
856 3343 927 3414 viri
949 3337 1228 3430 continebatur,
1249 3340 1348 3410 auris

369 3462 521 3563 quidem
528 3461 747 3556 ridentibus,
756 3462 1180 3561 disperirent.Quoniam
1186 3483 1348 3558 veropro

345 3637 351 3645 ,
370 3589 698 3685 supramemoratis
708 3587 825 3660 causis
835 3583 1090 3676 existentibus,
1105 3585 1351 3656 incertumest

371 3711 482 3782 etiam
497 3723 638 3808 quanto
652 3705 822 3782 videlicet
839 3720 1003 3806 tempore
1020 3703 1207 3780 ecelesiam
1221 3707 1351 3778 Cama·

372 3834 577 3906 renensium
593 3844 745 3921 rexerat,
765 3843 801 3902 et
816 3855 899 3931 quae
915 3855 1080 3930 personae
1094 3833 1172 3929 ejus
1185 3828 1350 3901 funebri-

375 3957 440 4025 tati
456 3954 697 4032 interfuerant
718 3979 727 4024 a
762 3951 846 4025 ideo
872 3979 914 4026 ex
940 3952 997 4024 his
1016 3953 1147 4025 melius
1173 3967 1225 4024 est
1247 3951 1352 4024 silere

375 4101 488 4175 quam
518 4067 728 4151 fabulosum
758 4075 850 4176 quid
884 4073 1078 4152 conficere.
1112 4077 1190 4157 Hoc
1225 4090 1346 4149 autem
