3088 4968
372 574 409 628 {8
677 577 797 627 onnon.
814 577 893 628 CAH·
908 579 950 624 m·
970 577 1048 625 m.
1161 571 1165 579 '

371 745 463 820 dum
480 745 592 838 adiit,
607 743 737 819 audito
753 745 806 818 ibi
825 747 868 816 B.
883 742 1084 820 vedastum
1097 740 1278 821 laudabili
1291 774 1352 822 re-

368 869 505 968 ligione
519 870 598 942 Deo
620 873 769 944 servire.
795 871 865 941 Cui
879 893 965 941 cunr
986 865 1165 942 adventur
1181 873 1238 948 eui
1256 897 1351 946 eau-

369 1017 446 1066 sam
460 1006 677 1092 exponeret,
699 1005 735 1066 et
749 1015 885 1091 pugna
899 1003 1097 1083 eventum,
1113 986 1179 1091 qui
1196 1017 1238 1064 en
1255 991 1350 1066 deo-

369 1142 455 1192 rum
468 1120 702 1191 invocatione
716 1120 756 1188 in
764 1117 959 1196 advenum
973 1130 1138 1210 cesserat,
1150 1115 1198 1189 ad
1211 1117 1347 1193 Christi

367 1267 505 1314 nomen
527 1238 689 1312 seeundo
709 1265 874 1314 successu
888 1241 1096 1338 provenisse
1119 1239 1345 1338 notificaret,

367 1365 426 1436 vir
456 1361 626 1454 domini,
660 1365 793 1461 gratias
827 1387 936 1460 agene
966 1361 1046 1434 Deo
1080 1365 1146 1461 qui
1175 1363 1349 1460 gentibus

367 1507 525 1580 regnum
538 1509 648 1556 auum
662 1487 805 1584 aperire
819 1483 1075 1582 dignatusest,
1092 1487 1207 1584 eoepit
1220 1483 1347 1558 catho-

366 1602 448 1686 licae
475 1605 563 1680 fidei
581 1610 797 1706 mysterium
819 1608 895 1704 regi
915 1604 1157 1699 adnuntiare,
1180 1619 1217 1680 et
1230 1633 1347 1682 evan-

368 1730 491 1830 gelicis
504 1730 764 1805 assertionibue
777 1732 998 1803 instructum
1013 1713 1118 1802 duxit
1128 1727 1176 1802 ad
1190 1756 1349 1805 venera·

368 1857 482 1932 bilem
502 1860 625 1930 virum
646 1858 716 1946 Dei
733 1857 963 1953 Remigium,
980 1857 1046 1954 qui
1064 1869 1154 1927 tunc
1170 1858 1348 1955 temperie

368 1982 555 2052 Remeneie
574 1981 732 2056 eeclesiae
752 2002 873 2051 arcem
884 1976 1050 2070 tenebam
1066 1979 1124 2049 vir
1138 2003 1181 2050 ex
1195 1981 1348 2079 rapien-

368 2105 439 2194 tia,
469 2103 744 2202 virtutibusque
778 2101 923 2190 factus,
956 2101 1062 2198 eujus
1096 2100 1346 2197 spiritualium

338 2217 340 2222 ¹
367 2229 550 2299 virtutum
583 2229 740 2323 iusignia
774 2237 927 2302 testatur
957 2247 1046 2320 geue
1077 2223 1243 2315 Gallim,
1278 2247 1347 2322 per

368 2373 455 2419 eum
474 2347 522 2418 ad
540 2347 729 2420 Christum
749 2369 937 2418 conversa.
958 2345 1029 2416 Cui
1045 2346 1156 2416 etiam
1175 2341 1347 2422 ormisda

368 2493 464 2568 papa
495 2471 590 2540 vinea
619 2493 702 2540 suae
734 2465 925 2565 quondam
952 2467 991 2535 in
1024 2466 1156 2538 Galliis
1187 2463 1348 2564 agendas

368 2593 613 2662 commiserat.
628 2589 809 2668 vedastus
821 2591 935 2686 igitur
947 2587 1180 2661 festinantem
1197 2589 1246 2662 ad
1258 2593 1348 2663 vitae

366 2715 507 2789 fontem
522 2713 728 2794 deducebat
736 2712 879 2814 regem.
899 2717 983 2808 Quo
995 2716 1034 2785 in
1051 2718 1182 2788 itinere
1195 2713 1344 2789 cuidam

367 2863 466 2913 eueee
480 2839 528 2911 ad
541 2865 579 2911 ee
592 2839 769 2911 clamanti
782 2839 839 2911 vir
851 2838 920 2910 Dei
933 2838 1062 2910 lumen
1076 2835 1241 2910 reddidit
1256 2863 1346 2912 eeu·

365 2961 510 3056 lorum,
530 2989 607 3036 non
624 2966 703 3036 eine
720 2961 966 3037 admiratione
985 2962 1235 3062 palatinorum
1250 2987 1343 3062 pro-

367 3110 513 3176 cerum,
546 3088 662 3156 immo
685 3089 797 3164 etiam
815 3089 908 3184 regie
934 3111 1045 3184 quem
1067 3089 1253 3184 praesentit
1276 3111 1345 3157 ex·-

366 3201 1338 3281 bibitiomiraeuliChristianeefideifervoreaccendit.

366 3331 541 3403 Cernitur
569 3357 686 3431 usque
714 3333 755 3404 in
783 3329 1008 3404 hodiernum
1036 3331 1185 3404 ecelesia
1205 3334 1245 3402 in
1265 3344 1342 3402 ter-

367 3455 565 3524 timonium
600 3459 747 3530 virtutis
777 3454 890 3554 hujus
916 3469 1152 3546 constructa,
1190 3457 1229 3524 in
1267 3479 1342 3553 qua

367 3574 559 3646 orantibus
589 3588 625 3649 et
659 3575 893 3656 credentibus
918 3575 1097 3650 beneficia
1120 3590 1343 3677 praestantur

367 3689 506 3768 divina.
