2902 4972
421 573 490 647 'Au
516 601 634 648 eruor.
660 599 752 646 usur,
1026 589 1081 648 381

110 769 224 842 altare
238 773 274 842 S.
290 768 447 842 Audreae
469 766 758 866 tradidit.Cujus
771 782 912 866 partem
928 783 1086 843 araturae

107 893 282 965 Gerulfus
306 891 481 991 quidam,
511 889 713 962 monachus
733 905 855 968 noster
878 893 1040 988 effectus,
1065 916 1086 969 a

108 1017 295 1088 canonicis
315 1018 351 1087 S.
371 1016 497 1086 Mariae
521 1013 627 1085 uobis
647 1011 816 1086 redemit.
843 1015 993 1114 Sepulto
1014 1020 1086 1091 ita-

110 1161 183 1236 que
201 1140 249 1210 D.
272 1135 478 1227 Gerlaudo‚
508 1137 555 1208 D.
586 1135 715 1227 Dodo,
731 1139 789 1208 vir
809 1134 972 1210 honestae
1003 1142 1087 1212 vitae

109 1255 746 1347 monachus,Flaudreusisnatioue,
757 1257 885 1331 inloco
898 1261 976 1357 ejus
993 1261 1089 1335 subs·

107 1381 273 1452 tituitur.
293 1381 361 1453 llic
375 1393 485 1479 eaput
504 1382 715 1454 monasterii
735 1384 849 1454 nostri
865 1383 943 1480 jam
966 1383 1087 1456 oedifi-

110 1515 375 1601 careoaeperat.

95 1656 100 1667 ·
159 1627 365 1722 Imperator
389 1625 587 1714 Esuriens,
607 1639 690 1725 post
704 1627 821 1699 multa
839 1629 987 1727 proelia,
1006 1645 1088 1729 post

110 1745 253 1843 plures,
273 1771 340 1844 per
355 1746 528 1844 quaesibi
542 1747 693 1820 rebelles
707 1747 1009 1843 multosfeeerat,
1025 1759 1089 1824 ex'-

111 1864 336 1963 peditioues,
357 1865 506 1940 taudem
524 1869 573 1940 D.
592 1893 699 1967 papae
721 1870 861 1942 Cslixto
884 1873 1090 1946 concorda-

113 2001 183 2081 tus,
203 1987 302 2061 diem
311 1989 439 2062 clausit
452 2003 668 2083 extremum,
678 2006 714 2064 et
728 1990 830 2090 opud
844 1994 988 2090 spiram
1003 2021 1089 2068 eum

112 2112 280 2210 patribus
300 2115 373 2185 suis
391 2112 578 2212 sepelitur.
603 2116 801 2211 Quumque
824 2117 968 2212 cognati
990 2119 1088 2214 ejus,

113 2234 307 2308 Conradus
335 2249 372 2307 et
400 2233 636 2326 Fredericus‚
672 2233 905 2307 haereditarie
935 2263 1090 2336 reguum

105 2357 181 2430 sibi
194 2359 332 2431 vellent
347 2383 543 2457 usurpare,
576 2361 786 2456 congregati
808 2360 991 2458 principes
1015 2374 1093 2433 ter-

113 2479 1090 2579 rae‚relictisillis‚quendamducemSaxonioe‚Luthu-

115 2603 211 2674 rium
229 2603 394 2693 nomine,
408 2600 456 2673 ad
467 2603 612 2700 imperii
628 2601 845 2702 dignitatem
858 2627 1088 2703 promovere.

113 2723 181 2795 llic
196 2726 256 2796 vir
272 2735 344 2794 tam
360 2722 535 2820 religiosae
550 2749 664 2822 quam
678 2727 824 2797 virtutis
839 2725 1006 2797 militaris
1019 2727 1094 2824 pol·

114 2843 191 2917 leus
208 2843 389 2936 efficacia,
411 2871 487 2918 nou
507 2848 630 2918 minus
654 2846 860 2946 religiosam
881 2869 1033 2920 uxorem
1056 2861 1092 2922 et

115 2967 441 3066 eleemosynariam
459 2967 630 3044 habebat.

445 3187 611 3370 (lap,
655 3233 782 3314 xrv.

361 3487 401 3528 D}
415 3485 505 3528 omo
519 3485 638 3528 comm
650 3483 857 3526 rotumum.

113 3662 354 3776 ,Superum
372 3703 521 3776 Henrici
540 3715 723 3802 tempore,
741 3703 897 3800 contigit
918 3701 1100 3774 Calixtum

121 3849 257 3924 papam
294 3827 420 3896 Romae
459 3824 627 3922 generale
658 3823 883 3917 concilium,
913 3849 1011 3896 anno
1033 3823 1102 3892 Dei

122 3945 260 4019 Christi
275 3958 429 4038 uultur,
451 3932 573 4020 mense
588 3949 736 4039 martio,
753 3949 792 4018 in
808 3946 994 4018 Lateranis
1008 3941 1105 4013 cele-

120 4066 264 4164 brasse,
295 4071 491 4170 ipsumque
516 4083 554 4144 et
578 4073 855 4170 imperatorem,
877 4077 961 4166 post
986 4062 1105 4136 diuti-
