<?xml version="1.0" encoding="UTF-8"?>
<!DOCTYPE html PUBLIC "-//W3C//DTD XHTML 1.0 Transitional//EN"
    "http://www.w3.org/TR/xhtml1/DTD/xhtml1-transitional.dtd">
<html xmlns="http://www.w3.org/1999/xhtml" xml:lang="en" lang="en">
 <head>
  <title>
</title>
<meta http-equiv="Content-Type" content="text/html;charset=utf-8" />
  <meta name='ocr-system' content='tesseract 3.04.00' />
  <meta name='ocr-capabilities' content='ocr_page ocr_carea ocr_par ocr_line ocrx_word'/>
</head>
<body>
  <div class='ocr_page' id='page_1' title='image "./chroniquedarras00glaygoog_0342.png"; bbox 0 0 2906 4970; ppageno 0'>
   <div class='ocr_carea' id='block_1_1' title="bbox 379 537 1051 614">
    <p class='ocr_par' dir='ltr' id='par_1_1' title="bbox 379 537 1051 614">
     <span class='ocr_line' id='line_1_1' title="bbox 379 537 1051 614; baseline -0.009 -22"><span class='ocrx_word' id='word_1_1' title='bbox 379 537 436 592; x_wconf 77' lang='lat' dir='ltr'><strong>tot</strong></span> <span class='ocrx_word' id='word_1_2' title='bbox 685 541 804 588; x_wconf 77' lang='lat' dir='ltr'><strong>onnon.</strong></span> <span class='ocrx_word' id='word_1_3' title='bbox 821 541 900 590; x_wconf 73' lang='lat' dir='ltr'><strong>otu.</strong></span> <span class='ocrx_word' id='word_1_4' title='bbox 918 543 961 587; x_wconf 79' lang='lat' dir='ltr'><strong>nn</strong></span> <span class='ocrx_word' id='word_1_5' title='bbox 974 543 1051 614; x_wconf 67' lang='lat' dir='ltr'><strong>nun.</strong></span> 
     </span>
    </p>
   </div>
   <div class='ocr_carea' id='block_1_2' title="bbox 665 781 1044 966">
    <p class='ocr_par' dir='ltr' id='par_1_2' title="bbox 665 781 1044 966">
     <span class='ocr_line' id='line_1_2' title="bbox 665 781 1044 966; baseline -0.042 -40"><span class='ocrx_word' id='word_1_6' title='bbox 665 781 830 966; x_wconf 54' lang='lat' dir='ltr'><strong>clap,</strong></span> <span class='ocrx_word' id='word_1_7' title='bbox 895 837 1044 940; x_wconf 82' lang='lat' dir='ltr'><strong>nx11.</strong></span> 
     </span>
    </p>
   </div>
   <div class='ocr_carea' id='block_1_3' title="bbox 377 1043 1331 1094">
    <p class='ocr_par' dir='ltr' id='par_1_3' title="bbox 377 1023 1419 1106">
     <span class='ocr_line' id='line_1_3' title="bbox 377 1043 1331 1094; baseline -0.009 0"><span class='ocrx_word' id='word_1_8' title='bbox 377 1051 526 1094; x_wconf 81' lang='lat' dir='ltr'><strong>uuonnctu</strong></span> <span class='ocrx_word' id='word_1_9' title='bbox 545 1049 616 1090; x_wconf 75' lang='lat' dir='ltr'><strong>novt</strong></span> <span class='ocrx_word' id='word_1_10' title='bbox 635 1049 755 1088; x_wconf 80' lang='lat' dir='ltr'><strong>onsmns</strong></span> <span class='ocrx_word' id='word_1_11' title='bbox 771 1045 907 1086; x_wconf 76' lang='lat' dir='ltr'><strong>nntscoeo</strong></span> <span class='ocrx_word' id='word_1_12' title='bbox 925 1045 996 1086; x_wconf 68' lang='lat' dir='ltr'><strong>num</strong></span> <span class='ocrx_word' id='word_1_13' title='bbox 1015 1047 1036 1087; x_wconf 78' lang='grc' dir='ltr'><strong>Α</strong></span> <span class='ocrx_word' id='word_1_14' title='bbox 1051 1046 1213 1092; x_wconf 62' lang='lat' dir='ltr'><strong>unt-mo.</strong></span> <span class='ocrx_word' id='word_1_15' title='bbox 1241 1043 1331 1089; x_wconf 73' lang='lat' dir='ltr'><strong>sotus-</strong></span> 
     </span>
    </p>
   </div>
   <div class='ocr_carea' id='block_1_4' title="bbox 724 1125 1004 1176">
    <p class='ocr_par' dir='ltr' id='par_1_4' title="bbox 724 1125 1004 1176">
     <span class='ocr_line' id='line_1_4' title="bbox 724 1125 1004 1176; baseline -0.007 -11"><span class='ocrx_word' id='word_1_16' title='bbox 724 1125 783 1176; x_wconf 76' lang='lat' dir='ltr'><strong>oon</strong></span> <span class='ocrx_word' id='word_1_17' title='bbox 796 1125 1004 1165; x_wconf 69' lang='lat' dir='ltr'><strong>summm.</strong></span> 
     </span>
    </p>
   </div>
   <div class='ocr_carea' id='block_1_5' title="bbox 373 1306 1331 2658">
    <p class='ocr_par' dir='ltr' id='par_1_5' title="bbox 373 1306 1331 2658">
     <span class='ocr_line' id='line_1_5' title="bbox 377 1306 1330 1434; baseline -0.003 -28"><span class='ocrx_word' id='word_1_18' title='bbox 377 1306 585 1414; x_wconf 76' lang='lat' dir='ltr'><strong>Duonncm</strong></span> <span class='ocrx_word' id='word_1_19' title='bbox 603 1330 746 1404; x_wconf 88' lang='lat' dir='ltr'><strong>obsides</strong></span> <span class='ocrx_word' id='word_1_20' title='bbox 762 1331 947 1404; x_wconf 82' lang='lat' dir='ltr'><strong>Walterus</strong></span> <span class='ocrx_word' id='word_1_21' title='bbox 962 1329 1066 1405; x_wconf 86' lang='lat' dir='ltr'><strong>dedit</strong></span> <span class='ocrx_word' id='word_1_22' title='bbox 1085 1336 1252 1434; x_wconf 89' lang='lat' dir='ltr'><strong>episcopo</strong></span> <span class='ocrx_word' id='word_1_23' title='bbox 1269 1331 1330 1403; x_wconf 88' lang='lat' dir='ltr'><strong>Ge·</strong></span> 
     </span>
     <span class='ocr_line' id='line_1_6' title="bbox 376 1452 1327 1554; baseline -0.009 -24"><span class='ocrx_word' id='word_1_24' title='bbox 376 1453 505 1547; x_wconf 77' lang='lat' dir='ltr'><strong>nardo,</strong></span> <span class='ocrx_word' id='word_1_25' title='bbox 525 1479 686 1554; x_wconf 83' lang='lat' dir='ltr'><strong>quorum</strong></span> <span class='ocrx_word' id='word_1_26' title='bbox 701 1452 781 1526; x_wconf 89' lang='lat' dir='ltr'><strong>haec</strong></span> <span class='ocrx_word' id='word_1_27' title='bbox 796 1467 883 1526; x_wconf 92' lang='lat' dir='ltr'><strong>sunt</strong></span> <span class='ocrx_word' id='word_1_28' title='bbox 902 1455 1083 1554; x_wconf 84' lang='lat' dir='ltr'><strong>nomina(</strong></span> <span class='ocrx_word' id='word_1_29' title='bbox 1121 1457 1148 1553; x_wconf 89' lang='lat'><strong>).</strong></span> <span class='ocrx_word' id='word_1_30' title='bbox 1180 1509 1190 1528; x_wconf 92' lang='lat'><strong>.</strong></span> <span class='ocrx_word' id='word_1_31' title='bbox 1221 1509 1229 1528; x_wconf 90' lang='lat'><strong>.</strong></span> <span class='ocrx_word' id='word_1_32' title='bbox 1256 1509 1265 1526; x_wconf 91' lang='lat'><strong>.</strong></span> <span class='ocrx_word' id='word_1_33' title='bbox 1290 1508 1297 1524; x_wconf 91' lang='lat'><strong>.</strong></span> <span class='ocrx_word' id='word_1_34' title='bbox 1321 1503 1327 1521; x_wconf 91' lang='lat'>.</span> 
     </span>
     <span class='ocr_line' id='line_1_7' title="bbox 379 1581 1328 1680; baseline -0.004 -25"><span class='ocrx_word' id='word_1_35' title='bbox 379 1628 998 1650; x_wconf 82' lang='lat'><strong>................</strong></span> <span class='ocrx_word' id='word_1_36' title='bbox 1033 1581 1098 1680; x_wconf 89' lang='lat' dir='ltr'><strong>qui</strong></span> <span class='ocrx_word' id='word_1_37' title='bbox 1109 1581 1328 1678; x_wconf 85' lang='lat' dir='ltr'><strong>juraveruut,</strong></span> 
     </span>
     <span class='ocr_line' id='line_1_8' title="bbox 375 1697 1331 1801; baseline -0.004 -27"><span class='ocrx_word' id='word_1_38' title='bbox 375 1699 478 1801; x_wconf 91' lang='lat' dir='ltr'><strong>quod</strong></span> <span class='ocrx_word' id='word_1_39' title='bbox 493 1725 569 1771; x_wconf 91' lang='lat' dir='ltr'><strong>non</strong></span> <span class='ocrx_word' id='word_1_40' title='bbox 587 1697 790 1771; x_wconf 80' lang='lat' dir='ltr'><strong>dimitteret</strong></span> <span class='ocrx_word' id='word_1_41' title='bbox 804 1725 933 1771; x_wconf 89' lang='lat' dir='ltr'><strong>eorum</strong></span> <span class='ocrx_word' id='word_1_42' title='bbox 949 1701 1102 1774; x_wconf 89' lang='lat' dir='ltr'><strong>consilio</strong></span> <span class='ocrx_word' id='word_1_43' title='bbox 1124 1704 1200 1800; x_wconf 86' lang='lat' dir='ltr'><strong>ipse</strong></span> <span class='ocrx_word' id='word_1_44' title='bbox 1216 1699 1331 1772; x_wconf 81' lang='lat' dir='ltr'><strong>Walte-</strong></span> 
     </span>
     <span class='ocr_line' id='line_1_9' title="bbox 375 1819 1330 1923; baseline -0.006 -26"><span class='ocrx_word' id='word_1_45' title='bbox 375 1850 437 1897; x_wconf 85' lang='lat' dir='ltr'><strong>rus</strong></span> <span class='ocrx_word' id='word_1_46' title='bbox 457 1825 549 1923; x_wconf 92' lang='lat' dir='ltr'><strong>quin</strong></span> <span class='ocrx_word' id='word_1_47' title='bbox 575 1820 673 1896; x_wconf 82' lang='lat' dir='ltr'><strong>hanc</strong></span> <span class='ocrx_word' id='word_1_48' title='bbox 694 1819 910 1895; x_wconf 85' lang='lat' dir='ltr'><strong>fidelitatem</strong></span> <span class='ocrx_word' id='word_1_49' title='bbox 940 1821 1166 1917; x_wconf 89' lang='lat' dir='ltr'><strong>attenderet,</strong></span> <span class='ocrx_word' id='word_1_50' title='bbox 1195 1839 1231 1898; x_wconf 91' lang='lat' dir='ltr'><strong>et</strong></span> <span class='ocrx_word' id='word_1_51' title='bbox 1255 1823 1330 1896; x_wconf 86' lang='lat' dir='ltr'><strong>siin</strong></span> 
     </span>
     <span class='ocr_line' id='line_1_10' title="bbox 374 1943 1328 2047; baseline -0.006 -27"><span class='ocrx_word' id='word_1_52' title='bbox 374 1947 523 2047; x_wconf 83' lang='lat' dir='ltr'><strong>culpam</strong></span> <span class='ocrx_word' id='word_1_53' title='bbox 539 1943 684 2019; x_wconf 84' lang='lat' dir='ltr'><strong>caderet</strong></span> <span class='ocrx_word' id='word_1_54' title='bbox 699 1969 811 2044; x_wconf 88' lang='lat' dir='ltr'><strong>quam</strong></span> <span class='ocrx_word' id='word_1_55' title='bbox 826 1943 1023 2018; x_wconf 81' lang='lat' dir='ltr'><strong>emendare</strong></span> <span class='ocrx_word' id='word_1_56' title='bbox 1038 1947 1176 2039; x_wconf 88' lang='lat' dir='ltr'><strong>nollet,</strong></span> <span class='ocrx_word' id='word_1_57' title='bbox 1190 1963 1250 2021; x_wconf 86' lang='lat' dir='ltr'><strong>aut</strong></span> <span class='ocrx_word' id='word_1_58' title='bbox 1268 1969 1328 2016; x_wconf 95' lang='lat' dir='ltr'><strong>non</strong></span> 
     </span>
     <span class='ocr_line' id='line_1_11' title="bbox 373 2065 1328 2168; baseline -0.004 -27"><span class='ocrx_word' id='word_1_59' title='bbox 373 2082 507 2168; x_wconf 84' lang='lat' dir='ltr'><strong>posset,</strong></span> <span class='ocrx_word' id='word_1_60' title='bbox 518 2082 714 2168; x_wconf 77' lang='lat' dir='ltr'><strong>postquam</strong></span> <span class='ocrx_word' id='word_1_61' title='bbox 732 2065 913 2140; x_wconf 80' lang='lat' dir='ltr'><strong>admoniti</strong></span> <span class='ocrx_word' id='word_1_62' title='bbox 928 2081 1044 2140; x_wconf 86' lang='lat' dir='ltr'>essent</span> <span class='ocrx_word' id='word_1_63' title='bbox 1058 2069 1155 2141; x_wconf 87' lang='lat' dir='ltr'><strong>infra</strong></span> <span class='ocrx_word' id='word_1_64' title='bbox 1167 2081 1246 2143; x_wconf 91' lang='lat' dir='ltr'><strong>octo</strong></span> <span class='ocrx_word' id='word_1_65' title='bbox 1256 2065 1328 2156; x_wconf 85' lang='lat' dir='ltr'><strong>dies,</strong></span> 
     </span>
     <span class='ocr_line' id='line_1_12' title="bbox 374 2187 1328 2290; baseline -0.007 -27"><span class='ocrx_word' id='word_1_66' title='bbox 374 2189 606 2290; x_wconf 80' lang='lat' dir='ltr'><strong>adjustitiam</strong></span> <span class='ocrx_word' id='word_1_67' title='bbox 615 2187 793 2263; x_wconf 87' lang='lat' dir='ltr'><strong>ducerent</strong></span> <span class='ocrx_word' id='word_1_68' title='bbox 804 2193 833 2260; x_wconf 90' lang='lat' dir='ltr'><strong>si</strong></span> <span class='ocrx_word' id='word_1_69' title='bbox 846 2203 1005 2288; x_wconf 86' lang='lat' dir='ltr'><strong>possent.</strong></span> <span class='ocrx_word' id='word_1_70' title='bbox 1016 2187 1328 2283; x_wconf 83' lang='lat' dir='ltr'><strong>Quodnifacerent‚</strong></span> 
     </span>
     <span class='ocr_line' id='line_1_13' title="bbox 373 2309 1326 2412; baseline -0.007 -28"><span class='ocrx_word' id='word_1_71' title='bbox 373 2314 469 2386; x_wconf 84' lang='lat' dir='ltr'><strong>infra</strong></span> <span class='ocrx_word' id='word_1_72' title='bbox 483 2314 572 2386; x_wconf 84' lang='lat' dir='ltr'><strong>alios</strong></span> <span class='ocrx_word' id='word_1_73' title='bbox 587 2325 670 2386; x_wconf 92' lang='lat' dir='ltr'><strong>octo</strong></span> <span class='ocrx_word' id='word_1_74' title='bbox 685 2311 774 2405; x_wconf 86' lang='lat' dir='ltr'><strong>dies,</strong></span> <span class='ocrx_word' id='word_1_75' title='bbox 784 2311 832 2384; x_wconf 87' lang='lat' dir='ltr'><strong>ad</strong></span> <span class='ocrx_word' id='word_1_76' title='bbox 839 2315 1055 2412; x_wconf 90' lang='lat' dir='ltr'><strong>episcopum</strong></span> <span class='ocrx_word' id='word_1_77' title='bbox 1069 2309 1326 2386; x_wconf 88' lang='lat' dir='ltr'><strong>cumbeneficiis</strong></span> 
     </span>
     <span class='ocr_line' id='line_1_14' title="bbox 373 2433 1328 2534; baseline -0.008 -25"><span class='ocrx_word' id='word_1_78' title='bbox 373 2461 522 2528; x_wconf 86' lang='lat' dir='ltr'><strong>eorum,</strong></span> <span class='ocrx_word' id='word_1_79' title='bbox 541 2438 571 2508; x_wconf 85' lang='lat' dir='ltr'><strong>si</strong></span> <span class='ocrx_word' id='word_1_80' title='bbox 587 2434 770 2508; x_wconf 84' lang='lat' dir='ltr'><strong>admoniti</strong></span> <span class='ocrx_word' id='word_1_81' title='bbox 784 2448 919 2528; x_wconf 85' lang='lat' dir='ltr'><strong>essent,</strong></span> <span class='ocrx_word' id='word_1_82' title='bbox 933 2461 1000 2534; x_wconf 82' lang='lat' dir='ltr'><strong>per</strong></span> <span class='ocrx_word' id='word_1_83' title='bbox 1014 2449 1153 2508; x_wconf 80' lang='lat' dir='ltr'><strong>rectam</strong></span> <span class='ocrx_word' id='word_1_84' title='bbox 1167 2433 1328 2509; x_wconf 86' lang='lat' dir='ltr'><strong>fidemve·</strong></span> 
     </span>
     <span class='ocr_line' id='line_1_15' title="bbox 373 2556 1327 2658; baseline -0.008 -28"><span class='ocrx_word' id='word_1_85' title='bbox 373 2560 489 2652; x_wconf 86' lang='lat' dir='ltr'><strong>niret,</strong></span> <span class='ocrx_word' id='word_1_86' title='bbox 517 2573 554 2632; x_wconf 91' lang='lat' dir='ltr'><strong>et</strong></span> <span class='ocrx_word' id='word_1_87' title='bbox 581 2583 777 2658; x_wconf 80' lang='lat' dir='ltr'><strong>nunquam</strong></span> <span class='ocrx_word' id='word_1_88' title='bbox 797 2561 830 2631; x_wconf 89' lang='lat' dir='ltr'><strong>ei</strong></span> <span class='ocrx_word' id='word_1_89' title='bbox 855 2559 1051 2631; x_wconf 88' lang='lat' dir='ltr'><strong>consilium</strong></span> <span class='ocrx_word' id='word_1_90' title='bbox 1072 2559 1147 2632; x_wconf 88' lang='lat' dir='ltr'><strong>sive</strong></span> <span class='ocrx_word' id='word_1_91' title='bbox 1173 2556 1327 2631; x_wconf 83' lang='lat' dir='ltr'><strong>auxilium</strong></span> 
     </span>
    </p>
   </div>
   <div class='ocr_carea' id='block_1_6' title="bbox 373 2679 1327 2783">
    <p class='ocr_par' dir='ltr' id='par_1_6' title="bbox 373 2679 1418 2786">
     <span class='ocr_line' id='line_1_16' title="bbox 373 2679 1327 2783; baseline -0.014 -29"><span class='ocrx_word' id='word_1_92' title='bbox 373 2679 523 2774; x_wconf 80' lang='lat' dir='ltr'><strong>darent,</strong></span> <span class='ocrx_word' id='word_1_93' title='bbox 541 2681 644 2783; x_wconf 93' lang='lat' dir='ltr'><strong>quod</strong></span> <span class='ocrx_word' id='word_1_94' title='bbox 660 2679 708 2754; x_wconf 86' lang='lat' dir='ltr'><strong>ad</strong></span> <span class='ocrx_word' id='word_1_95' title='bbox 724 2679 904 2754; x_wconf 87' lang='lat' dir='ltr'><strong>damnum</strong></span> <span class='ocrx_word' id='word_1_96' title='bbox 919 2683 1090 2781; x_wconf 89' lang='lat' dir='ltr'><strong>episcopo</strong></span> <span class='ocrx_word' id='word_1_97' title='bbox 1101 2735 1111 2772; x_wconf 86' lang='lat'>‚</span> <span class='ocrx_word' id='word_1_98' title='bbox 1122 2679 1327 2773; x_wconf 69' lang='lat' dir='ltr'><strong>ecclesieque</strong></span> 
     </span>
    </p>
   </div>
   <div class='ocr_carea' id='block_1_7' title="bbox 374 2808 1326 3030">
    <p class='ocr_par' dir='ltr' id='par_1_7' title="bbox 374 2808 1326 3030">
     <span class='ocr_line' id='line_1_17' title="bbox 374 2808 1326 2908; baseline -0.007 -27"><span class='ocrx_word' id='word_1_99' title='bbox 374 2808 444 2882; x_wconf 91' lang='lat' dir='ltr'><strong>sibi</strong></span> <span class='ocrx_word' id='word_1_100' title='bbox 458 2810 658 2880; x_wconf 86' lang='lat' dir='ltr'><strong>commissae</strong></span> <span class='ocrx_word' id='word_1_101' title='bbox 673 2821 782 2900; x_wconf 86' lang='lat' dir='ltr'><strong>esset,</strong></span> <span class='ocrx_word' id='word_1_102' title='bbox 799 2821 835 2879; x_wconf 91' lang='lat' dir='ltr'><strong>et</strong></span> <span class='ocrx_word' id='word_1_103' title='bbox 848 2809 1060 2908; x_wconf 84' lang='lat' dir='ltr'><strong>episcopum</strong></span> <span class='ocrx_word' id='word_1_104' title='bbox 1073 2808 1244 2906; x_wconf 86' lang='lat' dir='ltr'><strong>juvarent</strong></span> <span class='ocrx_word' id='word_1_105' title='bbox 1258 2823 1326 2875; x_wconf 85' lang='lat' dir='ltr'><strong>oon-</strong></span> 
     </span>
     <span class='ocr_line' id='line_1_18' title="bbox 376 2928 914 3030; baseline -0.002 -26"><span class='ocrx_word' id='word_1_106' title='bbox 376 2945 432 3004; x_wconf 84' lang='lat' dir='ltr'><strong>tra</strong></span> <span class='ocrx_word' id='word_1_107' title='bbox 448 2955 534 3002; x_wconf 90' lang='lat' dir='ltr'><strong>eum</strong></span> <span class='ocrx_word' id='word_1_108' title='bbox 552 2943 770 3030; x_wconf 82' lang='lat' dir='ltr'><strong>perrectum</strong></span> <span class='ocrx_word' id='word_1_109' title='bbox 786 2928 914 3003; x_wconf 90' lang='lat' dir='ltr'><strong>fidem.</strong></span> 
     </span>
    </p>
   </div>
   <div class='ocr_carea' id='block_1_8' title="bbox 612 3150 1058 3335">
    <p class='ocr_par' dir='ltr' id='par_1_8' title="bbox 612 3150 1058 3335">
     <span class='ocr_line' id='line_1_19' title="bbox 612 3150 1058 3335; baseline -0.018 -39"><span class='ocrx_word' id='word_1_110' title='bbox 612 3283 615 3296; x_wconf 93' lang='lat'>.</span> <span class='ocrx_word' id='word_1_111' title='bbox 662 3150 850 3335; x_wconf 28' lang='lat' dir='ltr'><strong>idat..</strong></span> <span class='ocrx_word' id='word_1_112' title='bbox 883 3211 1058 3290; x_wconf 85' lang='lat' dir='ltr'><strong>xn111.</strong></span> 
     </span>
    </p>
   </div>
   <div class='ocr_carea' id='block_1_9' title="bbox 373 3395 1322 3530">
    <p class='ocr_par' dir='ltr' id='par_1_9' title="bbox 373 3395 1322 3530">
     <span class='ocr_line' id='line_1_20' title="bbox 373 3395 1322 3470; baseline -0.006 -18"><span class='ocrx_word' id='word_1_113' title='bbox 373 3406 536 3452; x_wconf 70' lang='lat' dir='ltr'><strong>wannoc</strong></span> <span class='ocrx_word' id='word_1_114' title='bbox 554 3405 750 3449; x_wconf 73' lang='lat' dir='ltr'><strong>tn-nmoeono</strong></span> <span class='ocrx_word' id='word_1_115' title='bbox 768 3403 1048 3470; x_wconf 68' lang='lat' dir='ltr'><strong>nummum.</strong></span> <span class='ocrx_word' id='word_1_116' title='bbox 1068 3407 1182 3450; x_wconf 76' lang='lat' dir='ltr'><strong>mou</strong></span> <span class='ocrx_word' id='word_1_117' title='bbox 1195 3395 1322 3448; x_wconf 73' lang='lat' dir='ltr'><strong>mom</strong></span> 
     </span>
     <span class='ocr_line' id='line_1_21' title="bbox 491 3485 1225 3530; baseline 0 -1"><span class='ocrx_word' id='word_1_118' title='bbox 491 3489 541 3529; x_wconf 78' lang='lat' dir='ltr'><strong>mn</strong></span> <span class='ocrx_word' id='word_1_119' title='bbox 559 3489 638 3530; x_wconf 76' lang='lat' dir='ltr'><strong>nom</strong></span> <span class='ocrx_word' id='word_1_120' title='bbox 653 3487 822 3530; x_wconf 68' lang='lat' dir='ltr'><strong>comunem</strong></span> <span class='ocrx_word' id='word_1_121' title='bbox 834 3485 913 3528; x_wconf 74' lang='lat' dir='ltr'><strong>suun</strong></span> <span class='ocrx_word' id='word_1_122' title='bbox 927 3485 1077 3529; x_wconf 76' lang='lat' dir='ltr'><strong>munuum</strong></span> <span class='ocrx_word' id='word_1_123' title='bbox 1091 3487 1225 3530; x_wconf 69' lang='lat' dir='ltr'><strong>ommun-</strong></span> 
     </span>
    </p>
   </div>
   <div class='ocr_carea' id='block_1_10' title="bbox 372 3608 1322 3743">
    <p class='ocr_par' dir='ltr' id='par_1_10' title="bbox 372 3608 1322 3743">
     <span class='ocr_line' id='line_1_22' title="bbox 372 3608 1322 3743; baseline -0.017 -25"><span class='ocrx_word' id='word_1_124' title='bbox 372 3608 483 3718; x_wconf 59' lang='grc' dir='ltr'><strong>ΗΜ</strong></span> <span class='ocrx_word' id='word_1_125' title='bbox 510 3657 562 3716; x_wconf 90' lang='lat' dir='ltr'><strong>est</strong></span> <span class='ocrx_word' id='word_1_126' title='bbox 589 3667 739 3743; x_wconf 91' lang='lat' dir='ltr'><strong>quoque</strong></span> <span class='ocrx_word' id='word_1_127' title='bbox 767 3643 985 3732; x_wconf 86' lang='lat' dir='ltr'><strong>conventio,</strong></span> <span class='ocrx_word' id='word_1_128' title='bbox 1021 3642 1212 3714; x_wconf 84' lang='lat' dir='ltr'><strong>novissime</strong></span> <span class='ocrx_word' id='word_1_129' title='bbox 1241 3625 1322 3734; x_wconf 85' lang='lat' dir='ltr'><strong>apud</strong></span> 
     </span>
    </p>
   </div>
   <div class='ocr_carea' id='block_1_11' title="bbox 371 3755 1322 3866">
    <p class='ocr_par' dir='ltr' id='par_1_11' title="bbox 371 3755 1417 3866">
     <span class='ocr_line' id='line_1_23' title="bbox 371 3755 1322 3866; baseline -0.018 -26"><span class='ocrx_word' id='word_1_130' title='bbox 371 3763 556 3842; x_wconf 83' lang='lat' dir='ltr'><strong>Schelmas</strong></span> <span class='ocrx_word' id='word_1_131' title='bbox 573 3761 756 3866; x_wconf 88' lang='lat' dir='ltr'><strong>oppidum</strong></span> <span class='ocrx_word' id='word_1_132' title='bbox 773 3760 1078 3862; x_wconf 80' lang='lat' dir='ltr'><strong>facta,(2)quom‚</strong></span> <span class='ocrx_word' id='word_1_133' title='bbox 1089 3755 1322 3836; x_wconf 87' lang='lat' dir='ltr'><strong>utcunctisin-</strong></span> 
     </span>
    </p>
   </div>
   <div class='ocr_carea' id='block_1_12' title="bbox 406 3991 1225 4157">
    <p class='ocr_par' dir='ltr' id='par_1_12' title="bbox 406 3991 1225 4157">
     <span class='ocr_line' id='line_1_24' title="bbox 406 3991 1225 4061; baseline -0.006 -14"><span class='ocrx_word' id='word_1_134' title='bbox 406 3995 459 4061; x_wconf 86' lang='grc' dir='ltr'><strong>(Ι)</strong></span> <span class='ocrx_word' id='word_1_135' title='bbox 477 3999 545 4046; x_wconf 79' lang='lat' dir='ltr'><strong>cette</strong></span> <span class='ocrx_word' id='word_1_136' title='bbox 562 3993 653 4045; x_wconf 74' lang='lat' dir='ltr'><strong>incude</strong></span> <span class='ocrx_word' id='word_1_137' title='bbox 672 3993 755 4044; x_wconf 76' lang='lat' dir='ltr'><strong>existe</strong></span> <span class='ocrx_word' id='word_1_138' title='bbox 770 3995 840 4045; x_wconf 72' lang='lat' dir='ltr'><strong>tussi</strong></span> <span class='ocrx_word' id='word_1_139' title='bbox 852 3995 915 4045; x_wconf 79' lang='lat' dir='ltr'><strong>dm</strong></span> <span class='ocrx_word' id='word_1_140' title='bbox 927 3994 968 4046; x_wconf 78' lang='lat' dir='ltr'><strong>les</strong></span> <span class='ocrx_word' id='word_1_141' title='bbox 990 4001 1050 4046; x_wconf 72' lang='grc' dir='ltr'><strong>Νιι.</strong></span> <span class='ocrx_word' id='word_1_142' title='bbox 1073 4001 1101 4045; x_wconf 76' lang='grc' dir='ltr'><strong>Β.</strong></span> <span class='ocrx_word' id='word_1_143' title='bbox 1112 3999 1139 4046; x_wconf 83' lang='lat' dir='ltr'><strong>et</strong></span> <span class='ocrx_word' id='word_1_144' title='bbox 1157 3999 1187 4045; x_wconf 81' lang='lat' dir='ltr'><strong>tt.</strong></span> <span class='ocrx_word' id='word_1_145' title='bbox 1200 3991 1225 4042; x_wconf 82' lang='lat' dir='ltr'><strong>b.</strong></span> 
     </span>
     <span class='ocr_line' id='line_1_25' title="bbox 407 4083 1223 4157; baseline -0.029 -1"><span class='ocrx_word' id='word_1_146' title='bbox 407 4085 461 4156; x_wconf 62' lang='lat'><strong>(2)</strong></span> <span class='ocrx_word' id='word_1_147' title='bbox 478 4085 504 4140; x_wconf 71' lang='lat'><strong>¹⁸</strong></span> <span class='ocrx_word' id='word_1_148' title='bbox 517 4092 587 4141; x_wconf 62' lang='lat' dir='ltr'><strong>mit</strong></span> <span class='ocrx_word' id='word_1_149' title='bbox 599 4087 635 4141; x_wconf 66' lang='lat' dir='ltr'><strong>du</strong></span> <span class='ocrx_word' id='word_1_150' title='bbox 649 4085 726 4156; x_wconf 63' lang='grc' dir='ltr'><strong>ὼγ·</strong></span> <span class='ocrx_word' id='word_1_151' title='bbox 743 4103 850 4157; x_wconf 69' lang='lat' dir='ltr'><strong>nanque</strong></span> <span class='ocrx_word' id='word_1_152' title='bbox 867 4089 931 4142; x_wconf 76' lang='lat' dir='ltr'><strong>«lens</strong></span> <span class='ocrx_word' id='word_1_153' title='bbox 942 4087 982 4142; x_wconf 79' lang='lat' dir='ltr'><strong>let</strong></span> <span class='ocrx_word' id='word_1_154' title='bbox 994 4095 1055 4141; x_wconf 73' lang='lat' dir='ltr'><strong>tiss.</strong></span> <span class='ocrx_word' id='word_1_155' title='bbox 1073 4093 1105 4140; x_wconf 83' lang='grc' dir='ltr'><strong>Α.</strong></span> <span class='ocrx_word' id='word_1_156' title='bbox 1123 4091 1189 4140; x_wconf 72' lang='grc' dir='ltr'><strong>ιῑΑ.</strong></span> <span class='ocrx_word' id='word_1_157' title='bbox 1199 4083 1223 4134; x_wconf 75' lang='lat' dir='ltr'><strong>b.</strong></span> 
     </span>
    </p>
   </div>
   <div class='ocr_carea' id='block_1_13' title="bbox 0 0 1458 4970">
    <p class='ocr_par' dir='ltr' id='par_1_13' title="bbox 0 0 1458 4970">
     <span class='ocr_line' id='line_1_26' title="bbox 0 0 1458 4970; baseline 0 3"><span class='ocrx_word' id='word_1_158' title='bbox 0 0 1458 4970; x_wconf 95' lang='lat' dir='ltr'><strong> </strong></span> 
     </span>
    </p>
   </div>
  </div>
 </body>
</html>
