<?xml version="1.0" encoding="UTF-8"?>
<!DOCTYPE html PUBLIC "-//W3C//DTD XHTML 1.0 Transitional//EN"
    "http://www.w3.org/TR/xhtml1/DTD/xhtml1-transitional.dtd">
<html xmlns="http://www.w3.org/1999/xhtml" xml:lang="en" lang="en">
 <head>
  <title>
</title>
<meta http-equiv="Content-Type" content="text/html;charset=utf-8" />
  <meta name='ocr-system' content='tesseract 3.04.00' />
  <meta name='ocr-capabilities' content='ocr_page ocr_carea ocr_par ocr_line ocrx_word'/>
</head>
<body>
  <div class='ocr_page' id='page_1' title='image "./chroniquedarras00glaygoog_0068.png"; bbox 0 0 3088 4968; ppageno 0'>
   <div class='ocr_carea' id='block_1_1' title="bbox 1003 515 1335 534">
    <p class='ocr_par' dir='ltr' id='par_1_1' title="bbox 1003 515 1335 534">
     <span class='ocr_line' id='line_1_1' title="bbox 1003 515 1335 534; baseline -0.006 -2"><span class='ocrx_word' id='word_1_1' title='bbox 1003 515 1335 534; x_wconf 56' lang='lat' dir='ltr'><strong>ffl——n</strong></span> 
     </span>
    </p>
   </div>
   <div class='ocr_carea' id='block_1_2' title="bbox 363 567 1037 626">
    <p class='ocr_par' dir='ltr' id='par_1_2' title="bbox 363 567 1037 626">
     <span class='ocr_line' id='line_1_2' title="bbox 363 567 1037 626; baseline -0.016 0"><span class='ocrx_word' id='word_1_2' title='bbox 363 571 399 626; x_wconf 71' lang='grc'><strong>54</strong></span> <span class='ocrx_word' id='word_1_3' title='bbox 661 573 780 619; x_wconf 74' lang='lat' dir='ltr'><strong>onnon.</strong></span> <span class='ocrx_word' id='word_1_4' title='bbox 800 569 879 620; x_wconf 68' lang='lat' dir='ltr'><strong>CM·</strong></span> <span class='ocrx_word' id='word_1_5' title='bbox 897 571 941 618; x_wconf 76' lang='lat' dir='ltr'><strong>ET</strong></span> <span class='ocrx_word' id='word_1_6' title='bbox 960 567 1037 617; x_wconf 77' lang='lat' dir='ltr'><strong>m.</strong></span> 
     </span>
    </p>
   </div>
   <div class='ocr_carea' id='block_1_3' title="bbox 285 735 1436 3148">
    <p class='ocr_par' dir='ltr' id='par_1_3' title="bbox 285 735 1436 3148">
     <span class='ocr_line' id='line_1_3' title="bbox 360 735 1344 840; baseline -0.006 -30"><span class='ocrx_word' id='word_1_7' title='bbox 360 765 430 840; x_wconf 87' lang='lat' dir='ltr'><strong>pro</strong></span> <span class='ocrx_word' id='word_1_8' title='bbox 450 737 638 808; x_wconf 78' lang='lat' dir='ltr'><strong>familiaris</strong></span> <span class='ocrx_word' id='word_1_9' title='bbox 665 739 835 808; x_wconf 77' lang='lat' dir='ltr'><strong>amicitiae</strong></span> <span class='ocrx_word' id='word_1_10' title='bbox 855 735 972 832; x_wconf 75' lang='lat' dir='ltr'><strong>gretia</strong></span> <span class='ocrx_word' id='word_1_11' title='bbox 1003 748 1199 832; x_wconf 82' lang='lat' dir='ltr'><strong>quaeum·</strong></span> <span class='ocrx_word' id='word_1_12' title='bbox 1214 735 1344 832; x_wconf 75' lang='lat' dir='ltr'><strong>singu-</strong></span> 
     </span>
     <span class='ocr_line' id='line_1_4' title="bbox 358 855 1340 953; baseline -0.006 -19"><span class='ocrx_word' id='word_1_13' title='bbox 358 861 485 934; x_wconf 80' lang='lat' dir='ltr'><strong>lariter</strong></span> <span class='ocrx_word' id='word_1_14' title='bbox 516 857 689 950; x_wconf 78' lang='lat' dir='ltr'><strong>emebat,</strong></span> <span class='ocrx_word' id='word_1_15' title='bbox 728 856 905 929; x_wconf 83' lang='lat' dir='ltr'><strong>fratribus</strong></span> <span class='ocrx_word' id='word_1_16' title='bbox 940 857 1005 953; x_wconf 90' lang='lat' dir='ltr'><strong>qui</strong></span> <span class='ocrx_word' id='word_1_17' title='bbox 1042 857 1083 924; x_wconf 86' lang='lat' dir='ltr'><strong>in</strong></span> <span class='ocrx_word' id='word_1_18' title='bbox 1115 855 1265 926; x_wconf 73' lang='lat' dir='ltr'><strong>ecelesia</strong></span> <span class='ocrx_word' id='word_1_19' title='bbox 1295 858 1340 928; x_wconf 85' lang='lat' dir='ltr'><strong>B.</strong></span> 
     </span>
     <span class='ocr_line' id='line_1_5' title="bbox 358 973 1344 1074; baseline -0.003 -22"><span class='ocrx_word' id='word_1_20' title='bbox 358 979 484 1053; x_wconf 71' lang='lat' dir='ltr'><strong>Merite</strong></span> <span class='ocrx_word' id='word_1_21' title='bbox 515 979 813 1071; x_wconf 70' lang='lat' dir='ltr'><strong>famulabantur,</strong></span> <span class='ocrx_word' id='word_1_22' title='bbox 830 975 906 1050; x_wconf 90' lang='lat' dir='ltr'><strong>&#39;ubi</strong></span> <span class='ocrx_word' id='word_1_23' title='bbox 932 979 990 1050; x_wconf 81' lang='lat' dir='ltr'><strong>vir</strong></span> <span class='ocrx_word' id='word_1_24' title='bbox 1019 978 1088 1048; x_wconf 84' lang='lat' dir='ltr'><strong>Dei</strong></span> <span class='ocrx_word' id='word_1_25' title='bbox 1119 973 1344 1074; x_wconf 78' lang='lat' dir='ltr'><strong>pontificalis</strong></span> 
     </span>
     <span class='ocr_line' id='line_1_6' title="bbox 359 1095 1344 1198; baseline -0.006 -22"><span class='ocrx_word' id='word_1_26' title='bbox 359 1097 542 1176; x_wconf 79' lang='lat' dir='ltr'><strong>cathedrae</strong></span> <span class='ocrx_word' id='word_1_27' title='bbox 559 1099 783 1198; x_wconf 75' lang='lat' dir='ltr'><strong>fungebatur</strong></span> <span class='ocrx_word' id='word_1_28' title='bbox 796 1095 938 1192; x_wconf 83' lang='lat' dir='ltr'><strong>officio,</strong></span> <span class='ocrx_word' id='word_1_29' title='bbox 955 1121 1076 1172; x_wconf 85' lang='lat' dir='ltr'><strong>unum</strong></span> <span class='ocrx_word' id='word_1_30' title='bbox 1098 1095 1227 1197; x_wconf 74' lang='lat' dir='ltr'><strong>regulis</strong></span> <span class='ocrx_word' id='word_1_31' title='bbox 1252 1120 1344 1170; x_wconf 77' lang='lat' dir='ltr'><strong>nru-</strong></span> 
     </span>
     <span class='ocr_line' id='line_1_7' title="bbox 358 1219 1345 1320; baseline -0.004 -24"><span class='ocrx_word' id='word_1_32' title='bbox 358 1223 555 1296; x_wconf 85' lang='lat' dir='ltr'><strong>nilieentiae</strong></span> <span class='ocrx_word' id='word_1_33' title='bbox 581 1221 712 1295; x_wconf 84' lang='lat' dir='ltr'><strong>fiscum</strong></span> <span class='ocrx_word' id='word_1_34' title='bbox 723 1221 897 1313; x_wconf 82' lang='lat' dir='ltr'><strong>donavit,</strong></span> <span class='ocrx_word' id='word_1_35' title='bbox 914 1245 1028 1320; x_wconf 85' lang='lat' dir='ltr'><strong>quern</strong></span> <span class='ocrx_word' id='word_1_36' title='bbox 1045 1223 1176 1318; x_wconf 79' lang='lat' dir='ltr'><strong>oneng</strong></span> <span class='ocrx_word' id='word_1_37' title='bbox 1187 1219 1243 1292; x_wconf 83' lang='lat' dir='ltr'><strong>-nb</strong></span> <span class='ocrx_word' id='word_1_38' title='bbox 1264 1245 1345 1292; x_wconf 83' lang='lat' dir='ltr'><strong>an-</strong></span> 
     </span>
     <span class='ocr_line' id='line_1_8' title="bbox 357 1342 1346 1443; baseline -0.004 -25"><span class='ocrx_word' id='word_1_39' title='bbox 357 1348 463 1443; x_wconf 86' lang='lat' dir='ltr'><strong>tiquo</strong></span> <span class='ocrx_word' id='word_1_40' title='bbox 479 1342 665 1417; x_wconf 75' lang='lat' dir='ltr'><strong>dicebant.</strong></span> <span class='ocrx_word' id='word_1_41' title='bbox 691 1347 812 1442; x_wconf 83' lang='lat' dir='ltr'><strong>Hujus</strong></span> <span class='ocrx_word' id='word_1_42' title='bbox 833 1344 931 1415; x_wconf 81' lang='lat' dir='ltr'><strong>beati</strong></span> <span class='ocrx_word' id='word_1_43' title='bbox 953 1345 1023 1414; x_wconf 85' lang='lat' dir='ltr'><strong>viri</strong></span> <span class='ocrx_word' id='word_1_44' title='bbox 1039 1357 1157 1441; x_wconf 77' lang='lat' dir='ltr'><strong>gesta,</strong></span> <span class='ocrx_word' id='word_1_45' title='bbox 1180 1367 1249 1442; x_wconf 87' lang='lat' dir='ltr'><strong>pro</strong></span> <span class='ocrx_word' id='word_1_46' title='bbox 1275 1367 1346 1414; x_wconf 73' lang='lat' dir='ltr'><strong>ra-</strong></span> 
     </span>
     <span class='ocr_line' id='line_1_9' title="bbox 356 1465 1344 1571; baseline 0 -33"><span class='ocrx_word' id='word_1_47' title='bbox 356 1469 465 1539; x_wconf 78' lang='lat' dir='ltr'><strong>ritate</strong></span> <span class='ocrx_word' id='word_1_48' title='bbox 479 1467 721 1571; x_wconf 83' lang='lat' dir='ltr'><strong>seriptorum,</strong></span> <span class='ocrx_word' id='word_1_49' title='bbox 744 1487 823 1540; x_wconf 91' lang='lat' dir='ltr'><strong>non</strong></span> <span class='ocrx_word' id='word_1_50' title='bbox 842 1465 953 1564; x_wconf 86' lang='lat' dir='ltr'><strong>plene</strong></span> <span class='ocrx_word' id='word_1_51' title='bbox 966 1478 1188 1564; x_wconf 74' lang='lat' dir='ltr'><strong>patuerunt,</strong></span> <span class='ocrx_word' id='word_1_52' title='bbox 1206 1478 1344 1562; x_wconf 83' lang='lat' dir='ltr'><strong>prester</strong></span> 
     </span>
     <span class='ocr_line' id='line_1_10' title="bbox 285 1585 1344 1688; baseline -0.002 -27"><span class='ocrx_word' id='word_1_53' title='bbox 285 1602 289 1610; x_wconf 84' lang='lat'>&#39;</span> <span class='ocrx_word' id='word_1_54' title='bbox 359 1587 462 1688; x_wconf 88' lang='lat' dir='ltr'><strong>qnod</strong></span> <span class='ocrx_word' id='word_1_55' title='bbox 480 1591 520 1658; x_wconf 88' lang='lat' dir='ltr'><strong>in</strong></span> <span class='ocrx_word' id='word_1_56' title='bbox 539 1587 646 1686; x_wconf 76' lang='lat' dir='ltr'><strong>gestie</strong></span> <span class='ocrx_word' id='word_1_57' title='bbox 666 1601 878 1660; x_wconf 65' lang='lat' dir='ltr'><strong>unctorum</strong></span> <span class='ocrx_word' id='word_1_58' title='bbox 897 1589 963 1688; x_wconf 83' lang='lat' dir='ltr'><strong>qui</strong></span> <span class='ocrx_word' id='word_1_59' title='bbox 989 1589 1103 1685; x_wconf 82' lang='lat' dir='ltr'><strong>ipsius</strong></span> <span class='ocrx_word' id='word_1_60' title='bbox 1122 1585 1226 1658; x_wconf 82' lang='lat' dir='ltr'><strong>fuere</strong></span> <span class='ocrx_word' id='word_1_61' title='bbox 1248 1601 1344 1659; x_wconf 83' lang='lat' dir='ltr'><strong>tem-</strong></span> 
     </span>
     <span class='ocr_line' id='line_1_11' title="bbox 359 1707 1342 1810; baseline 0 -29"><span class='ocrx_word' id='word_1_62' title='bbox 359 1711 531 1810; x_wconf 76' lang='lat' dir='ltr'><strong>poribus,</strong></span> <span class='ocrx_word' id='word_1_63' title='bbox 564 1733 682 1810; x_wconf 77' lang='lat' dir='ltr'><strong>peuee</strong></span> <span class='ocrx_word' id='word_1_64' title='bbox 711 1712 935 1809; x_wconf 78' lang='lat' dir='ltr'><strong>reperimus,</strong></span> <span class='ocrx_word' id='word_1_65' title='bbox 968 1711 1008 1779; x_wconf 89' lang='lat' dir='ltr'><strong>in</strong></span> <span class='ocrx_word' id='word_1_66' title='bbox 1044 1707 1190 1808; x_wconf 78' lang='lat' dir='ltr'><strong>quibus·</strong></span> <span class='ocrx_word' id='word_1_67' title='bbox 1206 1707 1342 1781; x_wconf 75' lang='lat' dir='ltr'>celebri</span> 
     </span>
     <span class='ocr_line' id='line_1_12' title="bbox 359 1827 1344 1931; baseline 0.001 -28"><span class='ocrx_word' id='word_1_68' title='bbox 359 1835 541 1904; x_wconf 82' lang='lat' dir='ltr'><strong>memoria</strong></span> <span class='ocrx_word' id='word_1_69' title='bbox 559 1833 637 1931; x_wconf 89' lang='lat' dir='ltr'><strong>ipse</strong></span> <span class='ocrx_word' id='word_1_70' title='bbox 655 1833 850 1926; x_wconf 76' lang='lat' dir='ltr'><strong>recolitur,</strong></span> <span class='ocrx_word' id='word_1_71' title='bbox 879 1831 926 1906; x_wconf 84' lang='lat' dir='ltr'><strong>de</strong></span> <span class='ocrx_word' id='word_1_72' title='bbox 948 1827 1085 1930; x_wconf 86' lang='lat' dir='ltr'><strong>quibus</strong></span> <span class='ocrx_word' id='word_1_73' title='bbox 1104 1829 1229 1929; x_wconf 76' lang='lat' dir='ltr'><strong>eliqua</strong></span> <span class='ocrx_word' id='word_1_74' title='bbox 1252 1829 1344 1904; x_wconf 81' lang='lat' dir='ltr'><strong>bre-</strong></span> 
     </span>
     <span class='ocr_line' id='line_1_13' title="bbox 358 1951 1344 2052; baseline -0.002 -25"><span class='ocrx_word' id='word_1_75' title='bbox 358 1955 453 2028; x_wconf 81' lang='lat' dir='ltr'><strong>viter</strong></span> <span class='ocrx_word' id='word_1_76' title='bbox 466 1977 673 2028; x_wconf 77' lang='lat' dir='ltr'><strong>narramus.</strong></span> <span class='ocrx_word' id='word_1_77' title='bbox 689 1957 851 2027; x_wconf 47' lang='lat' dir='ltr'><strong>luterum</strong></span> <span class='ocrx_word' id='word_1_78' title='bbox 865 1953 1053 2052; x_wconf 76' lang='lat' dir='ltr'><strong>quendam</strong></span> <span class='ocrx_word' id='word_1_79' title='bbox 1070 1975 1113 2024; x_wconf 81' lang='lat' dir='ltr'><strong>ex</strong></span> <span class='ocrx_word' id='word_1_80' title='bbox 1130 1954 1240 2026; x_wconf 80' lang='lat' dir='ltr'><strong>suerit</strong></span> <span class='ocrx_word' id='word_1_81' title='bbox 1258 1951 1344 2025; x_wconf 80' lang='lat' dir='ltr'><strong>fon-</strong></span> 
     </span>
     <span class='ocr_line' id='line_1_14' title="bbox 359 2071 1341 2176; baseline 0 -28"><span class='ocrx_word' id='word_1_82' title='bbox 359 2075 459 2149; x_wconf 86' lang='lat' dir='ltr'><strong>tibus</strong></span> <span class='ocrx_word' id='word_1_83' title='bbox 473 2090 705 2176; x_wconf 78' lang='lat' dir='ltr'><strong>susceptum,</strong></span> <span class='ocrx_word' id='word_1_84' title='bbox 721 2091 759 2149; x_wconf 85' lang='lat' dir='ltr'><strong>et</strong></span> <span class='ocrx_word' id='word_1_85' title='bbox 772 2077 881 2149; x_wconf 76' lang='lat' dir='ltr'><strong>saeris</strong></span> <span class='ocrx_word' id='word_1_86' title='bbox 893 2075 1024 2168; x_wconf 74' lang='lat' dir='ltr'><strong>litteris</strong></span> <span class='ocrx_word' id='word_1_87' title='bbox 1040 2071 1238 2168; x_wconf 75' lang='lat' dir='ltr'><strong>traditum,</strong></span> <span class='ocrx_word' id='word_1_88' title='bbox 1252 2097 1341 2148; x_wconf 84' lang='lat' dir='ltr'><strong>eum</strong></span> 
     </span>
     <span class='ocr_line' id='line_1_15' title="bbox 359 2193 1343 2294; baseline -0.001 -25"><span class='ocrx_word' id='word_1_89' title='bbox 359 2201 533 2271; x_wconf 72' lang='lat' dir='ltr'><strong>attentius</strong></span> <span class='ocrx_word' id='word_1_90' title='bbox 550 2197 599 2269; x_wconf 81' lang='lat' dir='ltr'><strong>ad</strong></span> <span class='ocrx_word' id='word_1_91' title='bbox 612 2219 731 2270; x_wconf 81' lang='lat' dir='ltr'><strong>saeros</strong></span> <span class='ocrx_word' id='word_1_92' title='bbox 747 2195 896 2270; x_wconf 77' lang='lat' dir='ltr'><strong>ordines</strong></span> <span class='ocrx_word' id='word_1_93' title='bbox 913 2215 1133 2294; x_wconf 79' lang='lat' dir='ltr'><strong>promerere</strong></span> <span class='ocrx_word' id='word_1_94' title='bbox 1146 2193 1343 2268; x_wconf 60' lang='lat' dir='ltr'><strong>meditare</strong></span> 
     </span>
     <span class='ocr_line' id='line_1_16' title="bbox 361 2313 1341 2416; baseline 0.002 -26"><span class='ocrx_word' id='word_1_95' title='bbox 361 2333 439 2411; x_wconf 86' lang='lat' dir='ltr'><strong>tur,</strong></span> <span class='ocrx_word' id='word_1_96' title='bbox 465 2317 678 2390; x_wconf 75' lang='lat' dir='ltr'><strong>fallentibus</strong></span> <span class='ocrx_word' id='word_1_97' title='bbox 699 2317 820 2389; x_wconf 81' lang='lat' dir='ltr'><strong>verbis</strong></span> <span class='ocrx_word' id='word_1_98' title='bbox 848 2315 1065 2416; x_wconf 79' lang='lat' dir='ltr'><strong>deceptum,</strong></span> <span class='ocrx_word' id='word_1_99' title='bbox 1097 2313 1268 2390; x_wconf 73' lang='lat' dir='ltr'><strong>diabolus</strong></span> <span class='ocrx_word' id='word_1_100' title='bbox 1287 2317 1341 2392; x_wconf 77' lang='lat' dir='ltr'><strong>ad</strong></span> 
     </span>
     <span class='ocr_line' id='line_1_17' title="bbox 358 2437 1343 2538; baseline -0.001 -27"><span class='ocrx_word' id='word_1_101' title='bbox 358 2439 538 2512; x_wconf 72' lang='lat' dir='ltr'><strong>exteriora</strong></span> <span class='ocrx_word' id='word_1_102' title='bbox 551 2440 713 2512; x_wconf 78' lang='lat' dir='ltr'><strong>retraxit.</strong></span> <span class='ocrx_word' id='word_1_103' title='bbox 734 2439 827 2532; x_wconf 83' lang='lat' dir='ltr'><strong>Qui,</strong></span> <span class='ocrx_word' id='word_1_104' title='bbox 848 2439 1044 2538; x_wconf 82' lang='lat' dir='ltr'><strong>assumptis</strong></span> <span class='ocrx_word' id='word_1_105' title='bbox 1064 2437 1135 2510; x_wconf 81' lang='lat' dir='ltr'><strong>eibi</strong></span> <span class='ocrx_word' id='word_1_106' title='bbox 1157 2441 1343 2538; x_wconf 57' lang='lat' dir='ltr'><strong>nequistis</strong></span> 
     </span>
     <span class='ocr_line' id='line_1_18' title="bbox 359 2557 1343 2660; baseline 0.003 -29"><span class='ocrx_word' id='word_1_107' title='bbox 359 2557 654 2632; x_wconf 81' lang='lat' dir='ltr'><strong>miseteeditiosis</strong></span> <span class='ocrx_word' id='word_1_108' title='bbox 667 2557 902 2654; x_wconf 80' lang='lat' dir='ltr'><strong>homiuilnn,</strong></span> <span class='ocrx_word' id='word_1_109' title='bbox 922 2561 1037 2660; x_wconf 82' lang='lat' dir='ltr'><strong>eoepit</strong></span> <span class='ocrx_word' id='word_1_110' title='bbox 1051 2560 1208 2633; x_wconf 75' lang='lat' dir='ltr'><strong>viatores</strong></span> <span class='ocrx_word' id='word_1_111' title='bbox 1225 2559 1343 2634; x_wconf 73' lang='lat' dir='ltr'><strong>inles-</strong></span> 
     </span>
     <span class='ocr_line' id='line_1_19' title="bbox 359 2679 1436 2782; baseline 0 -30"><span class='ocrx_word' id='word_1_112' title='bbox 359 2694 454 2774; x_wconf 66' lang='grc' dir='ltr'><strong>ωε,</strong></span> <span class='ocrx_word' id='word_1_113' title='bbox 476 2680 642 2774; x_wconf 80' lang='lat' dir='ltr'><strong>trahere,</strong></span> <span class='ocrx_word' id='word_1_114' title='bbox 663 2681 835 2782; x_wconf 74' lang='lat' dir='ltr'><strong>spoliare.</strong></span> <span class='ocrx_word' id='word_1_115' title='bbox 856 2683 929 2774; x_wconf 86' lang='lat' dir='ltr'><strong>Qui</strong></span> <span class='ocrx_word' id='word_1_116' title='bbox 951 2703 1038 2754; x_wconf 82' lang='lat' dir='ltr'><strong>enm</strong></span> <span class='ocrx_word' id='word_1_117' title='bbox 1056 2679 1113 2752; x_wconf 75' lang='lat' dir='ltr'><strong>his</strong></span> <span class='ocrx_word' id='word_1_118' title='bbox 1128 2679 1258 2756; x_wconf 78' lang='lat' dir='ltr'><strong>studiis</strong></span> <span class='ocrx_word' id='word_1_119' title='bbox 1279 2695 1343 2754; x_wconf 71' lang='lat' dir='ltr'><strong>et·</strong></span> <span class='ocrx_word' id='word_1_120' title='bbox 1421 2707 1436 2720; x_wconf 92' lang='lat'><strong>·</strong></span> 
     </span>
     <span class='ocr_line' id='line_1_20' title="bbox 358 2804 1340 2901; baseline 0.003 -27"><span class='ocrx_word' id='word_1_121' title='bbox 358 2805 494 2876; x_wconf 85' lang='lat' dir='ltr'><strong>tentius</strong></span> <span class='ocrx_word' id='word_1_122' title='bbox 530 2807 725 2894; x_wconf 72' lang='lat' dir='ltr'><strong>insisteret,</strong></span> <span class='ocrx_word' id='word_1_123' title='bbox 758 2821 795 2878; x_wconf 90' lang='lat' dir='ltr'><strong>et</strong></span> <span class='ocrx_word' id='word_1_124' title='bbox 836 2807 895 2878; x_wconf 82' lang='lat' dir='ltr'><strong>vir</strong></span> <span class='ocrx_word' id='word_1_125' title='bbox 922 2804 1050 2878; x_wconf 79' lang='lat' dir='ltr'><strong>beetur</strong></span> <span class='ocrx_word' id='word_1_126' title='bbox 1084 2805 1164 2901; x_wconf 75' lang='lat' dir='ltr'><strong>ejus</strong></span> <span class='ocrx_word' id='word_1_127' title='bbox 1190 2805 1340 2877; x_wconf 81' lang='lat' dir='ltr'><strong>ruinam</strong></span> 
     </span>
     <span class='ocr_line' id='line_1_21' title="bbox 358 2923 1339 3027; baseline 0.002 -31"><span class='ocrx_word' id='word_1_128' title='bbox 358 2923 529 3018; x_wconf 81' lang='lat' dir='ltr'><strong>defleret,</strong></span> <span class='ocrx_word' id='word_1_129' title='bbox 550 2927 643 2999; x_wconf 81' lang='lat' dir='ltr'><strong>forte</strong></span> <span class='ocrx_word' id='word_1_130' title='bbox 665 2951 763 3004; x_wconf 83' lang='lat' dir='ltr'><strong>uuus</strong></span> <span class='ocrx_word' id='word_1_131' title='bbox 786 2951 829 3000; x_wconf 81' lang='lat' dir='ltr'><strong>ex</strong></span> <span class='ocrx_word' id='word_1_132' title='bbox 849 2923 1093 3027; x_wconf 79' lang='lat' dir='ltr'><strong>eomplicibus</strong></span> <span class='ocrx_word' id='word_1_133' title='bbox 1117 2927 1191 2997; x_wconf 80' lang='lat' dir='ltr'><strong>suis</strong></span> <span class='ocrx_word' id='word_1_134' title='bbox 1210 2939 1339 3026; x_wconf 78' lang='lat' dir='ltr'><strong>raptus</strong></span> 
     </span>
     <span class='ocr_line' id='line_1_22' title="bbox 359 3043 1336 3148; baseline 0 -30"><span class='ocrx_word' id='word_1_135' title='bbox 359 3043 408 3118; x_wconf 80' lang='lat' dir='ltr'><strong>ad</strong></span> <span class='ocrx_word' id='word_1_136' title='bbox 428 3047 628 3146; x_wconf 87' lang='lat' dir='ltr'><strong>supplicia,</strong></span> <span class='ocrx_word' id='word_1_137' title='bbox 651 3052 781 3148; x_wconf 86' lang='lat' dir='ltr'><strong>juveni</strong></span> <span class='ocrx_word' id='word_1_138' title='bbox 807 3052 868 3122; x_wconf 88' lang='lat' dir='ltr'><strong>cui</strong></span> <span class='ocrx_word' id='word_1_139' title='bbox 893 3048 1054 3120; x_wconf 76' lang='lat' dir='ltr'><strong>dabatur</strong></span> <span class='ocrx_word' id='word_1_140' title='bbox 1080 3047 1160 3120; x_wconf 78' lang='lat' dir='ltr'><strong>hese</strong></span> <span class='ocrx_word' id='word_1_141' title='bbox 1185 3045 1336 3140; x_wconf 77' lang='lat' dir='ltr'><strong>vidisse,</strong></span> 
     </span>
    </p>
   </div>
   <div class='ocr_carea' id='block_1_4' title="bbox 358 3167 1341 3384">
    <p class='ocr_par' dir='ltr' id='par_1_4' title="bbox 358 3167 1341 3384">
     <span class='ocr_line' id='line_1_23' title="bbox 359 3167 1338 3268; baseline 0.002 -29"><span class='ocrx_word' id='word_1_142' title='bbox 359 3193 537 3265; x_wconf 83' lang='lat' dir='ltr'><strong>magnum</strong></span> <span class='ocrx_word' id='word_1_143' title='bbox 553 3173 702 3244; x_wconf 77' lang='lat' dir='ltr'><strong>incussit</strong></span> <span class='ocrx_word' id='word_1_144' title='bbox 714 3170 922 3244; x_wconf 87' lang='lat' dir='ltr'><strong>horrorem.</strong></span> <span class='ocrx_word' id='word_1_145' title='bbox 936 3171 1007 3240; x_wconf 89' lang='lat' dir='ltr'><strong>Cui</strong></span> <span class='ocrx_word' id='word_1_146' title='bbox 1021 3183 1104 3268; x_wconf 90' lang='lat' dir='ltr'><strong>post</strong></span> <span class='ocrx_word' id='word_1_147' title='bbox 1111 3167 1338 3241; x_wconf 82' lang='lat' dir='ltr'><strong>horrendam</strong></span> 
     </span>
     <span class='ocr_line' id='line_1_24' title="bbox 358 3283 1341 3384; baseline -0.001 -30"><span class='ocrx_word' id='word_1_148' title='bbox 358 3283 537 3354; x_wconf 77' lang='lat' dir='ltr'><strong>visionem</strong></span> <span class='ocrx_word' id='word_1_149' title='bbox 558 3285 708 3382; x_wconf 78' lang='lat' dir='ltr'><strong>angelus</strong></span> <span class='ocrx_word' id='word_1_150' title='bbox 735 3284 781 3358; x_wconf 84' lang='lat' dir='ltr'><strong>de</strong></span> <span class='ocrx_word' id='word_1_151' title='bbox 803 3283 902 3357; x_wconf 82' lang='lat' dir='ltr'><strong>coelo</strong></span> <span class='ocrx_word' id='word_1_152' title='bbox 918 3307 1099 3384; x_wconf 77' lang='lat' dir='ltr'><strong>apparens</strong></span> <span class='ocrx_word' id='word_1_153' title='bbox 1116 3294 1341 3382; x_wconf 79' lang='lat' dir='ltr'><strong>protestatur</strong></span> 
     </span>
    </p>
   </div>
   <div class='ocr_carea' id='block_1_5' title="bbox 356 3387 1343 4112">
    <p class='ocr_par' dir='ltr' id='par_1_5' title="bbox 356 3387 1343 4112">
     <span class='ocr_line' id='line_1_25' title="bbox 358 3387 1342 3504; baseline 0.003 -30"><span class='ocrx_word' id='word_1_154' title='bbox 358 3403 493 3476; x_wconf 84' lang='lat' dir='ltr'><strong>talibus</strong></span> <span class='ocrx_word' id='word_1_155' title='bbox 507 3431 593 3478; x_wconf 88' lang='lat' dir='ltr'><strong>eum</strong></span> <span class='ocrx_word' id='word_1_156' title='bbox 610 3387 760 3504; x_wconf 81' lang='lat' dir='ltr'><strong>quoque¹</strong></span> <span class='ocrx_word' id='word_1_157' title='bbox 782 3391 971 3504; x_wconf 84' lang='lat' dir='ltr'><strong>suppliciis</strong></span> <span class='ocrx_word' id='word_1_158' title='bbox 993 3401 1183 3498; x_wconf 86' lang='lat' dir='ltr'><strong>debitum,</strong></span> <span class='ocrx_word' id='word_1_159' title='bbox 1204 3428 1273 3504; x_wconf 90' lang='lat' dir='ltr'><strong>pro</strong></span> <span class='ocrx_word' id='word_1_160' title='bbox 1292 3427 1342 3477; x_wconf 84' lang='lat' dir='ltr'><strong>eo</strong></span> 
     </span>
     <span class='ocr_line' id='line_1_26' title="bbox 359 3522 1343 3623; baseline 0.003 -28"><span class='ocrx_word' id='word_1_161' title='bbox 359 3522 462 3622; x_wconf 88' lang='lat' dir='ltr'><strong>quod</strong></span> <span class='ocrx_word' id='word_1_162' title='bbox 474 3527 598 3597; x_wconf 86' lang='lat' dir='ltr'><strong>virum</strong></span> <span class='ocrx_word' id='word_1_163' title='bbox 611 3527 680 3596; x_wconf 90' lang='lat' dir='ltr'><strong>Dei</strong></span> <span class='ocrx_word' id='word_1_164' title='bbox 696 3528 919 3598; x_wconf 72' lang='lat' dir='ltr'><strong>lutbertum</strong></span> <span class='ocrx_word' id='word_1_165' title='bbox 932 3525 1150 3623; x_wconf 81' lang='lat' dir='ltr'><strong>reliquisset.</strong></span> <span class='ocrx_word' id='word_1_166' title='bbox 1170 3527 1249 3598; x_wconf 86' lang='lat' dir='ltr'><strong>Hoc</strong></span> <span class='ocrx_word' id='word_1_167' title='bbox 1267 3540 1343 3598; x_wconf 88' lang='lat' dir='ltr'><strong>ter·</strong></span> 
     </span>
     <span class='ocr_line' id='line_1_27' title="bbox 356 3649 1338 3747; baseline 0.002 -29"><span class='ocrx_word' id='word_1_168' title='bbox 356 3667 443 3728; x_wconf 83' lang='lat' dir='ltr'><strong>rore</strong></span> <span class='ocrx_word' id='word_1_169' title='bbox 467 3659 678 3745; x_wconf 86' lang='lat' dir='ltr'><strong>correptum</strong></span> <span class='ocrx_word' id='word_1_170' title='bbox 702 3649 879 3747; x_wconf 87' lang='lat' dir='ltr'><strong>juvenem</strong></span> <span class='ocrx_word' id='word_1_171' title='bbox 908 3649 966 3720; x_wconf 88' lang='lat' dir='ltr'><strong>vir</strong></span> <span class='ocrx_word' id='word_1_172' title='bbox 997 3659 1144 3720; x_wconf 83' lang='lat' dir='ltr'><strong>sanctus</strong></span> <span class='ocrx_word' id='word_1_173' title='bbox 1178 3650 1338 3746; x_wconf 83' lang='lat' dir='ltr'><strong>recepit,</strong></span> 
     </span>
     <span class='ocr_line' id='line_1_28' title="bbox 359 3765 1341 3868; baseline 0.002 -28"><span class='ocrx_word' id='word_1_174' title='bbox 359 3765 454 3840; x_wconf 83' lang='lat' dir='ltr'><strong>eluit</strong></span> <span class='ocrx_word' id='word_1_175' title='bbox 468 3781 506 3838; x_wconf 87' lang='lat' dir='ltr'><strong>et</strong></span> <span class='ocrx_word' id='word_1_176' title='bbox 526 3765 576 3840; x_wconf 75' lang='lat' dir='ltr'><strong>nd</strong></span> <span class='ocrx_word' id='word_1_177' title='bbox 593 3766 838 3841; x_wconf 82' lang='lat' dir='ltr'><strong>sacerdotium</strong></span> <span class='ocrx_word' id='word_1_178' title='bbox 862 3793 980 3868; x_wconf 81' lang='lat' dir='ltr'><strong>usque</strong></span> <span class='ocrx_word' id='word_1_179' title='bbox 996 3769 1196 3866; x_wconf 80' lang='lat' dir='ltr'><strong>pmmevit.</strong></span> <span class='ocrx_word' id='word_1_180' title='bbox 1222 3767 1341 3867; x_wconf 86' lang='lat' dir='ltr'><strong>Cujus</strong></span> 
     </span>
     <span class='ocr_line' id='line_1_29' title="bbox 360 3887 1340 3992; baseline 0.003 -29"><span class='ocrx_word' id='word_1_181' title='bbox 360 3887 480 3964; x_wconf 73' lang='lat' dir='ltr'><strong>multa</strong></span> <span class='ocrx_word' id='word_1_182' title='bbox 504 3890 548 3962; x_wconf 83' lang='lat' dir='ltr'><strong>in</strong></span> <span class='ocrx_word' id='word_1_183' title='bbox 569 3887 666 3964; x_wconf 82' lang='lat' dir='ltr'><strong>libro</strong></span> <span class='ocrx_word' id='word_1_184' title='bbox 693 3892 778 3965; x_wconf 82' lang='lat' dir='ltr'><strong>vitae</strong></span> <span class='ocrx_word' id='word_1_185' title='bbox 806 3894 885 3992; x_wconf 73' lang='lat' dir='ltr'><strong>ejus</strong></span> <span class='ocrx_word' id='word_1_186' title='bbox 915 3888 1112 3983; x_wconf 77' lang='lat' dir='ltr'><strong>miracula,</strong></span> <span class='ocrx_word' id='word_1_187' title='bbox 1143 3913 1261 3991; x_wconf 81' lang='lat' dir='ltr'><strong>nsque</strong></span> <span class='ocrx_word' id='word_1_188' title='bbox 1298 3892 1340 3966; x_wconf 79' lang='lat' dir='ltr'><strong>in</strong></span> 
     </span>
     <span class='ocr_line' id='line_1_30' title="bbox 359 4013 1089 4112; baseline -0.003 -27"><span class='ocrx_word' id='word_1_189' title='bbox 359 4021 539 4112; x_wconf 69' lang='lat' dir='ltr'><strong>pressent,</strong></span> <span class='ocrx_word' id='word_1_190' title='bbox 566 4016 597 4088; x_wconf 84' lang='lat' dir='ltr'><strong>si</strong></span> <span class='ocrx_word' id='word_1_191' title='bbox 612 4015 675 4090; x_wconf 85' lang='lat' dir='ltr'><strong>eui</strong></span> <span class='ocrx_word' id='word_1_192' title='bbox 691 4030 746 4090; x_wconf 86' lang='lat' dir='ltr'><strong>est</strong></span> <span class='ocrx_word' id='word_1_193' title='bbox 760 4017 900 4107; x_wconf 85' lang='lat' dir='ltr'><strong>otium,</strong></span> <span class='ocrx_word' id='word_1_194' title='bbox 914 4013 1089 4088; x_wconf 77' lang='lat' dir='ltr'><strong>inveniet.</strong></span> 
     </span>
    </p>
   </div>
   <div class='ocr_carea' id='block_1_6' title="bbox 0 0 1548 4968">
    <p class='ocr_par' dir='ltr' id='par_1_6' title="bbox 0 0 1548 4968">
     <span class='ocr_line' id='line_1_31' title="bbox 0 0 1548 4968; baseline 0 0"><span class='ocrx_word' id='word_1_195' title='bbox 0 0 1548 4968; x_wconf 95' lang='lat' dir='ltr'><strong> </strong></span> 
     </span>
    </p>
   </div>
  </div>
 </body>
</html>
