3044 4968
560 531 655 578 Hm
669 532 798 580 mm·
1135 531 1174 589 99

231 615 303 633 ..Η

198 687 298 762 fecit.
319 690 582 765 Monastcrium
614 694 725 765 ctiam
752 694 974 790 Laubiense‚
1003 695 1174 773 adhibito

195 835 322 884 secum
335 811 525 911 Stephano
536 795 760 886 leodecensi
772 817 962 916 episcopo,
979 843 1175 897 consecra..

197 934 267 1006 vit.
285 936 362 1025 Qui
376 936 475 1006 inter
488 931 568 1006 haec
582 949 701 1008 morte
714 951 938 1034 praevcntus‚
958 937 1056 1013 diem
1070 944 1175 1018 clau-

193 1055 267 1146 sit,
286 1055 329 1126 in
343 1057 496 1153 ipsoque
511 1057 547 1128 S.
566 1051 693 1130 Mariae
709 1061 947 1154 monasterio,
964 1059 1016 1136 ad
1028 1079 1175 1166 septen-

198 1174 399 1249 trionalem
415 1176 560 1278 plagam
573 1178 739 1279 sepultus
752 1193 817 1254 cst.

492 1413 654 1600 lup.
708 1333 901 1556 axv..

194 1741 370 1786 ‘mmm
391 1742 548 1795 flQlllm.
566 1743 616 1795 om
631 1743 663 1784 {N
679 1743 793 1785 mono
810 1742 873 1785 CUM
891 1742 976 1786 11Μο
997 1743 1111 1788 ΩΟΙΙΤΙ
1131 1745 1179 1788 00-

412 1819 414 1822 ’
456 1817 519 1866 m
534 1817 766 1866 mmm
779 1816 923 1866 Pallam.

202 2017 399 2128 llosraou
411 2051 581 2123 successit
593 2048 802 2149 Stephanus
818 2053 858 2120 in
881 2048 1005 2123 aedem
1025 2050 1182 2152 pontifi-

206 2175 345 2266 calem,
370 2174 530 2246 viriam
553 2169 801 2244 ecclesiasticis
824 2193 938 2270 quarn
958 2169 1182 2246 secularibus

203 2293 406 2395 disciplinis
428 2291 653 2366 sufficienter
672 2293 893 2385 instructus,
916 2291 1057 2392 quires
1078 2295 1182 2394 ejus-

205 2417 292 2490 dem
306 2414 400 2489 sadis
416 2415 575 2489 ecdcsioe
590 2414 838 2515 amplioravit,
854 2427 892 2488 ct
905 2417 1096 2517 praeceptis
1114 2441 1180 2492 re-

204 2541 274 2642 glis
302 2537 549 2614 confirmarit.
587 2541 658 2612 llic
686 2535 856 2611 interfuit
885 2538 1030 2636 synodo
1066 2565 1181 2642 quam

204 2663 339 2739 habuit
364 2659 525 2756 Saralius,
543 2665 746 2736 Remorum
762 2660 1079 2761 archiepiscopus,
1095 2687 1181 2737 suc-

205 2809 324 2862 cessor
341 2789 502 2879 nortui,
520 2788 563 2858 in
577 2785 666 2859 villa
679 2784 879 2884 Troclegio.
896 2785 992 2858 Cum
1004 2785 1182 2890 episcopis

204 2911 392 2984 Rcmcnsis
423 2907 620 2982 dloeoeseos
655 2906 792 2983 affuere
826 2906 1000 2981 nonnulli
1032 2931 1184 3010 qnoque

204 3035 370 3108 comites.
385 3027 429 3106 ln
445 3052 521 3132 qua
534 3045 571 3105 ct
585 3035 684 3104 lsaaa
699 3055 819 3106 comcs
835 3031 884 3104 ad
900 3029 1183 3105 satisfactionem

205 3159 329 3248 venit,
344 3177 413 3255 pro
426 3153 484 3228 llis
498 3179 583 3256 quac
595 3179 708 3256 prave
721 3163 996 3255 perpetraverat
1009 3151 1183 3228 adversus

210 3271 1185 3373 eecluiamcamaracensem‚quoddamcastellumstc

206 3399 340 3503 phuni,
361 3401 526 3502 praesulis
540 3395 705 3498 ejusdem
726 3394 848 3488 urbis,
865 3391 992 3468 dolosa
1013 3415 1186 3495 compre-

206 3523 367 3600 hensum
380 3525 615 3626 pervasione,
632 3518 870 3596 succendens.
889 3519 961 3592 Pro
987 3543 1064 3620 qno
1085 3517 1182 3594 faci-

204 3671 300 3724 nore
328 3647 485 3724 vadatus
514 3649 555 3720 in
585 3643 656 3720 hac
692 3641 854 3744 synodo,
893 3655 1043 3716 centum
1079 3641 1185 3719 libris

148 3765 151 3772 ’
203 3775 351 3872 argenti
364 3785 518 3874 pacatur
531 3793 617 3844 curn
630 3765 783 3869 praefato
796 3763 982 3866 Stephano
996 3767 1183 3866 episcopo,

202 3909 394 3997 satagente
407 3893 602 3973 Heriberto
614 3905 651 3969 ct
664 3891 744 3968 aliis
760 3891 826 3993 qui
846 3887 1000 3967 aderant
1018 3887 1184 3966 Franciae

204 4020 425 4098 comitibnss
