2932 4974
366 550 431 602 256·
663 550 784 597 cnon.
804 549 883 597 ssffl.
903 551 945 595 ΕΤ
964 549 1041 595 m.

366 721 479 816 igitur
495 715 665 814 doctore,
683 729 718 786 ct
742 714 829 788 dein
851 715 892 784 B.
919 716 1075 786 Enmino
1094 711 1343 805 succedente,

368 839 437 936 (do
464 862 627 937 quorum
647 839 870 910 monasterio
888 829 1153 934 subsequcnicr
1175 836 1350 908 narrabi-

367 960 470 1058 mus)
486 960 645 1033 cffloruit
660 961 779 1052 iocus,
803 975 840 1031 et
862 957 910 1031 ad
932 959 1002 1031 Dei
1022 957 1198 1054 gloriam,
1222 972 1268 1029 ut
1286 983 1347 1030 us-

367 1107 440 1180 que
457 1084 497 1152 in
511 1105 669 1180 praescns
683 1095 855 1181 apparot,
878 1105 957 1168 mos
977 1079 1086 1180 pleno
1104 1078 1271 1154 adolevit
1287 1105 1349 1154 cc-

367 1203 597 1276 dcsiasticus.
616 1233 623 1244 ’

636 1393 798 1577 (dap,
869 1343 1065 1522 xxvu.
1116 1402 1120 1408 ’

557 1699 596 1740 ns
605 1699 800 1756 uommuo
813 1703 850 1760 ss.
865 1693 1040 1744 commun
1048 1703 1160 1744 nunc

237 1979 242 1984 -
371 1891 528 2002 flonuu
545 1928 670 2024 itaque
686 1926 882 1998 beatorum
898 1924 968 1998 Dci
982 1913 1233 1998 confessorum
1257 1923 1346 1996 dor-

372 2025 535 2124 mitionis
554 2047 810 2122 habitaculum
829 2045 1109 2148 subjungamus.
1139 2050 1233 2120 Erat
1249 2073 1346 2122 nam·

372 2198 445 2270 quc
487 2172 635 2246 ecclesio
676 2156 895 2270 parochialis
929 2169 1120 2268 subjacens
1156 2169 1351 2268 praelibcto

367 2283 572 2386 'coenobio‚
596 2319 680 2391 quae
699 2297 830 2391 juxta,
852 2291 987 2364 scilicet
1020 2295 1060 2364 in
1094 2295 1231 2367 vertice
1253 2317 1349 2362 mon·

374 2419 435 2506 tis,
467 2420 536 2488 sita
565 2429 635 2508 ost,
668 2415 733 2488 ubi
761 2417 831 2513 ipsi
857 2414 1059 2507 monachi,
1081 2413 1145 2488 scd
1166 2427 1205 2486 ct
1225 2438 1348 2486 omncs

373 2537 609 2610 collimitanei
643 2539 782 2608 circum
812 2552 848 2608 ct
878 2534 1347 2634 ci130adegemes‚tumu-

372 2657 475 2732 landi
515 2659 741 2734 serebantur.
785 2659 843 2732 Ad
884 2659 981 2733 hauc
1016 2663 1128 2732 ctiam
1171 2663 1242 2732 BB.
1282 2660 1348 2732 viri

372 2785 566 2862 Ursmorus
596 2797 707 2882 atque
736 2786 930 2876 Erminus,
953 2807 1038 2856 cum
1058 2782 1224 2856 defuncti
1245 2797 1344 2871 suut,

373 2919 570 3003 portantur
584 2904 787 2998 humandi,
815 2931 975 3008 quorum
997 2909 1135 2980 meritis
1153 2905 1346 2979 declaran-

374 3026 430 3099 dis
443 3027 569 3101 divina
583 3031 698 3126 pietas
712 3029 830 3102 mulla
844 3031 1023 3104 miracula
1039 3028 1189 3127 dignata
1205 3043 1260 3103 cst
1274 3051 1346 3126 ops

374 3153 460 3224 rari.
477 3151 547 3222 Scd
564 3155 652 3250 quia
667 3177 779 3251 supra
792 3151 838 3226 de
852 3157 888 3226 S.
918 3155 1091 3226 Ursmnro
1109 3177 1245 3252 parum
1268 3153 1347 3224 teti-

287 3283 290 3288 '
373 3277 523 3372 gimus,
562 3299 637 3348 nou
676 3279 953 3375 incongruum,
982 3279 1019 3350 ¹si
1049 3273 1096 3346 dc
1128 3278 1165 3348 S.
1203 3297 1346 3374 quoquc

372 3401 525 3472 Ermino
552 3397 695 3498 aliquid
720 3399 954 3498 explicemus.
986 3401 1055 3472 Hic
1085 3400 1266 3471 nimirum
1295 3399 1346 3470 vis·

373 3522 457 3594 vitae
480 3517 696 3611 laudabilis,
722 3533 758 3592 ct
778 3545 854 3592 non
884 3545 1017 3619 porum
1046 3517 1267 3619 proediatus,
1304 3516 1348 3588 dc

371 3667 467 3740 pago
483 3640 721 3714 Laudunensi
742 3633 923 3716 oriundus
942 3645 1084 3736 extitit,
1105 3640 1208 3716 etde
1228 3641 1290 3716 dic
1310 3643 1347 3712 in

373 3761 473 3836 diem
487 3766 530 3866 ip¹
544 3763 651 3836 bouis
665 3766 838 3864 operibus
856 3765 1074 3865 proficiens,
1090 3767 1262 3838 omnium
1275 3767 1350 3838 vir-

373 3897 500 3958 tutum
524 3885 671 3963 cluebat
696 3890 936 3962 commerciis.
967 3892 1105 3981 Quem,
1142 3891 1233 3985 quia
1261 3885 1349 3960 odor

372 4007 481 4086 bonos
498 4013 683 4112 opinionis
698 4011 796 4086 iliius
809 4012 918 4112 longe
930 4012 1077 4112 lateque
1094 4011 1292 4104 increbuit,
1307 4011 1344 4082 B.
