2902 4972
421 571 469 618 an
480 621 482 628 ¹
492 570 612 621 01111οΝ.
639 573 731 620 ΒΑΜ).
981 525 1069 623 *iii—9

89 733 180 808 titali
205 734 378 828 vulnere,
399 759 569 809 reversus
590 761 657 834 per
683 762 824 810 annum
845 738 919 811 fere
940 763 1063 812 unum

89 861 297 957 aegrotavit,
313 873 350 932 et
364 861 415 932 sic
429 856 586 931 demum
611 858 713 959 apud
734 863 771 932 S.
797 864 987 937 Bertinum
1008 864 1079 936 ef·-

86 982 202 1056 tectus
215 981 442 1074 monachus,
459 996 496 1056 et
510 982 623 1083 paulo
637 997 720 1082 post
735 983 931 1056 defunctus
949 985 1000 1058 ihi
1017 1011 1067 1060 re·

88 1108 258 1205 quiescit.

122 1232 282 1302 interea
302 1228 351 1300 D.
377 1227 489 1301 abbas
506 1226 731 1321 Guiffridus‚
758 1243 839 1301 tum
863 1224 988 1302 hostili
1004 1229 1068 1311 fu-

83 1375 172 1425 rore
186 1353 252 1451 qui
266 1361 382 1424 totam
395 1353 551 1451 patriam
575 1349 893 1452 depopulabatur,
911 1367 991 1426 tum
1008 1352 1067 1426 sa-

84 1499 148 1546 me
164 1497 249 1573 quae
267 1471 503 1548 vehementer
522 1497 671 1546 omnem
691 1488 827 1548 terram
849 1475 1075 1576 premebat‚·

84 1596 276 1696 fatigatus,
303 1595 404 1670 velut
437 1621 571 1695 magna
606 1611 820 1696 tempestate
852 1613 1042 1698 quassatus
1052 1620 1072 1691 ,ἰ

86 1722 219 1793 amisso
236 1719 360 1808 clavo,
376 1721 502 1792 navim
521 1731 716 1816 vagantem
736 1718 867 1792 mediis
887 1719 1075 1794 fluctibus*

84 1843 272 1916 ecelesiam
278 1839 376 1915 hanc
385 1839 587 1932 detinebat,
596 1839 660 1913 sed
669 1819 819 1914 tandem
834 1843 872 1914 in
888 1867 925 1916 ss
940 1867 1075 1918 revers

85 1989 144 2038 sus
157 1983 311 2066 portum
326 1967 458 2064 quietis
474 1961 567 2036 adiit
581 1977 618 2036 et
630 1963 855 2063 praelationis
879 1989 972 2038 onus
993 1965 1076 2038 de··

86 2091 224 2188 posuit.
241 2089 314 2161 Nos
330 2090 472 2179 stetim,
489 2085 616 2160 habito
640 2087 797 2160 concilio
809 2141 820 2180 ‚
834 2089 1064 2186 Aquicinen-

87 2237 160 2284 sem
174 2208 424 2302 monachum,
441 2235 585 2308 magnoe
602 2209 788 2308 religionis
797 2224 833 2284 et
845 2209 1065 2284 humilitatis

85 2337 224 2428 sirum,
238 2334 287 2406 D.
304 2331 535 2406 Gerlandum
550 2333 734 2429 eligimus,
750 2347 786 2404 et
798 2359 820 2406 a
833 2334 881 2404 D.
892 2336 1065 2435 episeopo

86 2455 302 2531 Burehardo
334 2457 522 2528 Cameraei
560 2453 820 2549 benedictum,
857 2481 957 2532 anno
994 2459 1064 2531 Dei

87 2577 223 2652 Christi
244 2589 417 2668 anxur,
436 2577 608 2652 abbatem
621 2579 859 2678 suscepimus.
870 2581 1063 2680 Quiquam

85 2714 251 2794 strenue,
276 2723 389 2800 quam
418 2697 622 2798 prudenter
651 2714 855 2800 susceptam
875 2702 1074 2776 ecclesiam.

85 2828 237 2918 rexerit,
261 2827 290 2896 si
315 2825 349 2896 ei
370 2821 437 2896 diu
459 2825 583 2898 vivere
602 2821 731 2896 datum
751 2823 896 2918 fuisset,
918 2839 954 2898 et
977 2827 1063 2926 ipsis

85 2947 311 3046 quotidianis
339 2961 548 3022 nostrarum
574 2973 702 3022 rerum
728 2952 954 3048 argumentis
989 2975 1063 3051 pa-

91 3068 233 3146 amaea!

404 3270 568 3454 tiss.
617 3311 750 3386 xm.

91 3597 127 3640 ns
139 3597 335 3643 sucessuum
349 3601 602 3644 manutenere.
612 3603 649 3644 ns
664 3603 753 3656 ossen
766 3603 916 3648 senemr
937 3605 1068 3648 amaris.

303 3681 343 3722 ns
359 3681 449 3723 omae
462 3683 629 3739 numerus
642 3683 847 3726 assemanus.

92 3880 303 3998 precatus
317 3927 484 4018 Rameri‚
501 3925 547 4002 de
566 3952 641 4028 qno
659 3951 771 4028 supra
788 3929 984 4002 retulimus
1000 3927 1069 4016 ‚in

90 4044 172 4126 tede
188 4051 374 4144 Romana,
390 4047 578 4128 Johannes
592 4053 790 4147 Gaitanus,
811 4053 877 4150 qui
895 4064 931 4124 et
951 4048 1068 4122 Gela-
