3044 4968
391 522 450 616 ll6
698 565 818 622 ennon.
837 565 917 612 (ΞΛΜ.
935 565 979 610 ΕΤ
992 563 1069 611 ΛΤΒ.

1291 659 1373 672 Q

314 709 317 716 ’
390 725 587 815 lidioribus
620 725 752 796 animis
777 722 825 796 ad
854 722 1091 812 renitendum
1128 725 1372 798 incumbunt.

393 851 523 950 ltaque
537 847 674 940 hostes,
691 871 777 920 cum
791 845 1122 946 impossibilitatem
1136 845 1312 920 vincendi
1323 848 1376 921 ul·

389 974 428 1048 lo
453 971 566 1046 modo
600 983 813 1062 cernerent,
839 994 925 1044 cum
951 967 1097 1070 pudore
1115 983 1152 1043 et
1174 967 1304 1043 dolore
1323 970 1373 1056 ab

391 1093 583 1170 obsidione
596 1091 792 1185 desistunt,
811 1089 875 1164 sed
891 1090 994 1190 quod
1005 1095 1046 1164 in
1060 1091 1241 1186 suburbio
1254 1095 1374 1168 intac-

391 1233 471 1294 tum
488 1229 573 1290 ante
587 1215 833 1313 reliquerant,
851 1238 937 1286 cum
956 1214 1082 1288 furore
1108 1229 1305 1313 perurunt.
1334 1217 1373 1289 Si
1396 1285 1402 1294 .

390 1365 483 1441 quos
497 1351 621 1412 autem
637 1335 736 1412 bello
752 1333 893 1410 habiles
906 1335 1000 1410 forte
1020 1335 1371 1440 deprehendissent,

390 1467 569 1540 continuo
577 1461 820 1563 jugulabant:
838 1458 942 1560 quod
956 1485 1043 1534 vero
1058 1462 1140 1534 neci
1153 1473 1190 1534 et
1208 1462 1285 1558 igni
1296 1485 1372 1535 su-

389 1580 1368 1688 perfuisset,captivitatireservabant.Posthaecctiam,

390 1707 495 1809 quod
510 1710 656 1806 gravius
678 1719 785 1790 estet
806 1709 922 1805 magis
941 1705 1170 1805 lugendum,
1195 1703 1369 1781 decoram

389 1846 426 1906 et
442 1829 689 1906 venerabilem
704 1829 892 1904 basilicam
905 1833 941 1903 S.
958 1830 1174 1928 Gangetici,
1200 1843 1245 1902 ut
1268 1829 1370 1902 scili-

390 1950 1172 2054 cetsuperbisaedificiisexteriusinsignitam
1181 2005 1191 2046 ,
1201 1954 1369 2036 itaetiam

388 2078 543 2150 interius
559 2075 685 2148 multis
698 2077 866 2174 pecuniis
885 2078 955 2148 rati
976 2073 1166 2164 refertam,
1186 2075 1283 2152 facto
1301 2101 1369 2175 ag-

390 2201 490 2272 mine
497 2197 712 2272 nitebantur
718 2199 939 2296 irrumpere:
949 2197 1014 2274 sed
1020 2199 1369 2276 obstinatissimere-

390 2299 594 2396 nitentibus
605 2321 793 2401 ,canonicis
805 2345 892 2392 cum
905 2319 1146 2397 multitudine
1159 2321 1272 2420 vulgi,
1287 2347 1365 2397 uon

389 2457 562 2546 poterant
575 2440 744 2521 effectum
759 2441 908 2528 habere,
929 2444 1037 2518 Unde
1062 2443 1216 2544 quidam
1237 2439 1369 2518 incen-

391 2565 558 2640 dendum
573 2564 826 2650 minabantur.
843 2565 1067 2659 Multivero,
1085 2582 1238 2667 propter
1252 2567 1370 2668 plum·

387 2691 458 2766 bea
465 2703 558 2766 tecta
564 2687 820 2762 difficultatem
827 2687 1141 2790 videntes,potius
1149 2690 1369 2790 relinquen-

390 2811 483 2900 dum
504 2810 747 2885 aestimabant.
768 2809 959 2889 Cedebant
975 2837 1062 2911 ergo
1082 2826 1193 2884 tantae
1213 2810 1370 2888 difficul-

388 2938 470 3028 tati,
482 2939 605 3035 etjam
616 2931 879 3027 abscedebant,
891 2960 978 3008 cum
988 2934 1148 3009 furiosus
1160 2933 1314 3035 quidam
1328 2962 1370 3010 cx

391 3059 530 3134 clericis
546 3059 593 3155 ²in
611 3055 799 3154 clangorio
821 3055 969 3150 sedens,
993 3061 1034 3131 in
1052 3057 1176 3132 medio
1201 3061 1368 3157 sagittam
1488 3085 1489 3094 ¹

390 3191 636 3272 contorserat,
670 3205 745 3279 quo
776 3181 909 3254 acriter
937 3185 1159 3281 exasperati,
1190 3181 1369 3281 ampliore

390 3329 548 3388 numero
563 3329 632 3404 pro
647 3300 856 3378 ulciscenda
877 3304 1015 3403 injuria
1038 3303 1086 3378 ad
1106 3305 1368 3381 monasterium

388 3427 572 3520 refluunt,
588 3427 759 3526 factoque
774 3425 841 3500 diu
872 3431 1014 3528 impetu
1042 3426 1195 3502 tandem
1229 3430 1369 3500 irrum-

389 3563 536 3651 pentes,
558 3547 694 3618 multos
712 3546 759 3618 de
773 3549 915 3647 populo
926 3573 1019 3648 quos
1030 3553 1129 3624 intus
1142 3564 1367 3651 repererant,

389 3683 579 3746 sternuntr
597 3694 640 3742 ex
653 3669 791 3754 clericis
812 3693 962 3772 quoque
983 3671 1215 3766 Auffridum,
1237 3671 1369 3746 Auset-

391 3823 517 3890 rnum,
538 3795 803 3890 Grinbcrtum,
827 3794 1119 3890 Theodericum,
1143 3799 1366 3874 Gentionem

388 3923 612 4030 exanimant.
623 3921 824 3996 Novissime
837 3944 926 3994 vcro
936 3922 1034 3994 intra
1046 3920 1234 4020 laquearia
1244 3923 1368 4019 ignem

389 4057 589 4142 ponentes,
605 4041 813 4124 venerabile
831 4043 1033 4145 templum,
1050 4057 1173 4121 umen
1188 4042 1368 4124 diuturno
