2906 4970
121 475 345 486 n———a-
863 485 1057 494 ...ιιι-*οη
1070 487 1089 494 ιι-

465 529 559 572 urnnn
577 529 726 576 nennius.
1034 523 1088 576 28¹

111 692 251 768 ceciderit,
259 695 299 754 itt
303 697 356 756 erit
362 691 591 770 (Eccle.ll.3.).
602 693 699 771 Quale
706 695 797 777 igitur
804 698 843 757 sit
849 717 906 778 pro
914 695 1091 777 hujusmodi

109 815 213 872 omre,
228 797 384 877 psalmista
395 800 602 876 perspiritum
616 798 790 861 terribiliter
798 802 942 876 insonuit,
964 799 1086 862 dicenss

112 899 208 960 Oratio
216 899 340 982 cjusfiat
351 901 381 959 in
388 897 601 976 peccotumffs.
616 903 696 977 tos).
708 901 747 962 Et
756 902 918 979 Dominus,
927 905 984 966 sub
991 906 1090 984 specie

110 1000 209 1081 plebis
218 1002 364 1078 Iudaicae,
377 1023 434 1081 pro
445 1001 557 1066 talibus
567 1003 751 1085 prophetam
762 1006 801 1068 nb
811 1009 948 1068 orstione
959 1027 1092 1086 compes·

111 1107 169 1181 cit,
185 1106 308 1170 dicens:
327 1104 375 1166 Ne
387 1125 521 1180 mutuas
531 1106 654 1170 leudem
666 1129 722 1190 pro
736 1113 779 1172 eis
793 1125 824 1172 et
837 1113 1015 1172 orationem.
1028 1109 1093 1174 cc-

109 1223 212 1274 terurn
227 1210 303 1292 quid
316 1207 469 1290 spostolus
479 1211 511 1270 in
522 1212 621 1290 prims
634 1213 762 1293 epistola
774 1213 814 1274 ad
827 1213 999 1276 Corinthios
1015 1217 1093 1276 scn'-

109 1315 184 1393 bat,
197 1338 269 1378 ssnc
278 1328 385 1378 notum
394 1313 482 1377 vobis
493 1335 555 1376 esse
565 1337 627 1378 non
638 1316 769 1380 dubium
780 1331 833 1380 est.
846 1322 969 1394 Scripsi,
980 1321 1090 1400 inquit,

109 1425 194 1484 vobis
208 1424 238 1480 in
249 1423 384 1498 epistota,
396 1443 430 1482 ne
439 1426 669 1486 commisceanuiri
678 1427 845 1507 fornicariis
851 1451 865 1503 ;
873 1450 926 1488 non
934 1426 1093 1506 utigrtesor-

111 1529 230 1588 nicoric's
240 1526 324 1608 latntes
336 1526 449 1600 mindi,
464 1542 513 1588 ant
524 1531 640 1602 avon,
655 1545 704 1592 ortt
717 1533 864 1606 rapacibus
873 1555 888 1607 ;
903 1532 1025 1604 alioquin
1041 1531 1094 1590 do·

112 1633 237 1692 bueratt's
250 1633 284 1692 dc
293 1632 343 1692 doc
353 1632 451 1694 munds
461 1635 563 1693 exesse.
577 1632 695 1696 Deinde
705 1634 870 1698 subinsettc
882 1638 922 1696 St
930 1639 956 1695 is
964 1633 1091 1716 guisio·

112 1739 332 1811 ternomtirutur,
347 1753 389 1798 est
398 1737 553 1817 scrutator
585 1755 634 1800 aut
658 1762 769 1816 rapax,
787 1764 849 1802 cunr
869 1740 1026 1822 hujusmodi
1041 1761 1090 1798 nec

113 1843 202 1902 cibum
215 1865 322 1904 summ
335 1847 369 1918 (1
386 1841 455 1904 Cor.
472 1844 502 1904 5.
518 1845 549 1904 9.
567 1848 615 1906 10.
633 1847 710 1922 11.).
727 1844 795 1922 Qus
809 1847 841 1906 in
854 1865 888 1904 re
901 1841 1091 1926 pensandum

116 1959 175 2021 est,
189 1949 216 2008 si
225 1947 379 2028 spostolus
389 1961 452 2010 tem
461 1947 596 2010 diso-‘ren
605 1949 866 2012 animadversione
876 1993 884 2023 ‚
896 1947 1091 2008 borumcon-

116 2053 207 2112 sorta
215 2051 377 2114 devitanda
391 2065 532 2128 moneat,
547 2074 681 2133 quanam
692 2057 786 2114 nostri
801 2053 919 2114 arbitrii
935 2071 987 2131 spe
1001 2049 1092 2110 iilum

117 2159 320 2216 communioni
333 2155 472 2216 fidelium
484 2155 705 2216 restituendum
715 2159 914 2228 resumemus,
930 2154 984 2234 qui
995 2169 1092 2232 nsque

115 2257 265 2339 adipsum
273 2261 343 2322 vitae
354 2259 490 2333 exitum,
502 2257 588 2318 nullo
612 2280 750 2338 unquam
773 2256 896 2319 melitite
909 2277 1018 2339 genere
1040 2275 1092 2318 cn-

115 2367 190 2439 ruit,
206 2366 261 2444 qni
271 2383 430 2445 nunquam
442 2383 460 2422 s
471 2361 687 2440 seditionibus,
703 2363 743 2424 ab
757 2361 901 2426 effusione
916 2363 1088 2444 sanguinis,

116 2467 329 2543 abutendis,
343 2488 501 2548 nunquam
515 2488 534 2528 a
547 2465 729 2549 sacrilegiis,
743 2487 902 2548 nunqnam
915 2468 1008 2528 etism
1020 2484 1092 2526 ms-

115 2595 197 2636 nnsa
212 2575 326 2654 rapinis
335 2575 501 2634 continuit:
515 2574 590 2653 quin
607 2575 708 2653 potius
723 2576 756 2634 in
773 2575 839 2654 ipso
852 2576 920 2636 vitre
934 2585 1089 2646 extremo,

116 2678 205 2759 pleno
223 2693 327 2741 ventre
341 2679 473 2758 rapinis,
495 2678 636 2758 spiritum
651 2699 781 2740 vacuum
793 2679 915 2758 justitie
937 2676 1093 2738 alimentis

118 2787 232 2847 emisitc
245 2787 299 2866 qui
310 2785 469 2848 manifesto
484 2781 540 2843 Dei
553 2783 667 2864 judicio
678 2803 853 2864 percussus,
865 2803 920 2844 nec
931 2781 1091 2842 confessio-

116 2893 160 2953 nis
172 2889 325 2954 veninlcm
338 2893 464 2973 gratim
475 2891 598 2965 meruit,
611 2909 666 2950 nec
678 2890 822 2952 viaticum
833 2887 937 2950 salutis
943 2888 1088 2968 percepit:

117 3017 210 3076 quem
223 3017 278 3056 nos
287 2995 425 3075 quidem,
441 2993 537 3074 culpis
548 2994 748 3076 exigentibus,
759 2993 911 3074 frequenti
922 2993 1092 3053 monitione

118 3098 154 3160 ad
167 3099 401 3160 satisfactionem
414 3112 573 3174 vocatum,
589 3099 642 3160 sed
655 3099 834 3160 obstinatius
851 3109 1068 3178 repugnantem
1081 3141 1089 3171 ,

117 3201 285 3283 apostolice
298 3203 483 3264 auctoritatis
501 3205 586 3282 virga
603 3223 861 3282 percusseramusc
885 3201 967 3262 unde
986 3221 1042 3261 nec
1060 3203 1092 3262 in

119 3319 251 3370 extremo
265 3311 372 3369 mortis
388 3307 521 3386 positus,
537 3306 631 3366 venie
648 3309 834 3366 mentionem
845 3317 898 3366 nut
908 3308 1028 3386 signum
1042 3325 1094 3366 os-

119 3413 229 3476 tendit?
244 3412 333 3473 Unde
342 3433 381 3474 ne
391 3410 507 3472 diutius
522 3429 576 3470 vos
589 3429 762 3484 moremur,
774 3407 995 3470 animadvertat
1014 3410 1094 3469 cari-

119 3527 160 3576 us
169 3530 285 3592 mcc,
300 3515 425 3597 quidde
436 3511 545 3576 iisdem
556 3515 841 3587 excommnnicatis,
854 3525 884 3574 et
893 3515 935 3574 ita
944 3511 1094 3574 defunctis

120 3617 177 3684 beo
191 3643 270 3704 pepo
284 3625 317 3682 in
330 3619 533 3683 decretalibus
546 3622 608 3682 suis
620 3618 717 3680 dican
733 3623 859 3694 Horum,
878 3622 996 3700 inquit,
1008 3618 1094 3702 jndt'·

121 3725 160 3784 cio
169 3728 226 3786 Dei
238 3747 325 3786 conso
338 3725 508 3786 reservanda
519 3739 579 3799 est,
599 3726 630 3786 in
645 3725 730 3803 cujus
743 3745 836 3786 manu
844 3725 923 3807 snit,
946 3740 975 3786 ut
996 3726 1094 3785 tolient

121 3827 203 3888 otto
213 3852 298 3905 inque
308 3830 349 3890 ad
357 3831 549 3890 somnumionis
566 3829 715 3890 remcdtitm
727 3829 895 3912 diffinietur.
913 3827 978 3889 Nos
991 3838 1095 3888 nutem

121 3933 232 4010 quibus
245 3933 417 3996 viventibus
429 3955 484 3994 nec
498 3933 805 4012 communicavimus,
818 3934 947 3995 mortuis
958 3949 1095 3992 commu·

120 4035 217 4156 nicar?
227 4059 289 4102 non
302 4059 471 4120 possumus.
