2932 4974
255 513 281 622 ἰ
359 502 428 591 ’220
592 571 594 578 κ
616 579 619 586 ,
665 541 785 590 onnon.
805 539 883 586 ossi.
903 541 945 584 nr
964 539 1042 584 arr.

370 711 488 780 visset.
502 707 565 780 Ibi*
575 726 662 780 vero
673 709 778 803 juxta
793 703 905 774 altare
922 703 991 774 Dei
1006 705 1191 799 genitricis
1201 705 1351 806 ¹lilariae,

371 827 473 927 quod
504 833 543 900 B.
576 827 752 900 Vedastus
785 829 859 898 suis
891 825 1021 896 diebus
1052 836 1351 916 consecraverat,

372 977 471 1038 anno
488 950 640 1050 quidem
653 949 815 1025 secundo
837 947 993 1022 Gerardi
1013 950 1195 1047 episcopi,
1223 949 1353 1020 multae

372 1091 409 1147 et
422 1073 583 1147 multum
598 1078 768 1174 pretiosae
779 1089 991 1146 sauctorum
1006 1071 1171 1169 reliquiae
1189 1072 1352 1144 inveutae

373 1212 472 1288 sunt,
489 1195 538 1268 ad
552 1223 712 1294 quarum
726 1197 1009 1268 illustrationem
1026 1192 1170 1269 diversa
1187 1197 1353 1266 miracu-

373 1319 429 1410 la,
447 1343 513 1415 per
528 1333 598 1390 tres
613 1321 756 1392 circiter
771 1343 902 1408 anuos,
917 1316 1045 1388 diviua
1058 1315 1354 1414 clementia'ope-

375 1452 454 1512 rata
476 1453 540 1512 est.
564 1441 714 1536 Leprosi
737 1442 837 1510 enim
860 1435 1050 1527 mundati,
1074 1440 1255 1510 contracti
1285 1435 1352 1510 hu-

376 1563 494 1636 manis
515 1560 641 1632 usibus
659 1559 826 1650 solidati,
848 1559 1031 1656 multique
1054 1580 1076 1630 a
1099 1557 1253 1632 dirersis
1268 1545 1353 1630 lau-

376 1682 553 1778 guoribus
576 1686 713 1775 curati,
729 1683 899 1779 sospitate
914 1679 1115 1764 donantur.

555 2053 557 2060 ι
679 1921 862 2103 'dac
922 1973 1044 2048 x1v.

380 2241 417 2282 Μ
436 2242 457 2281 S.
471 2239 614 2280 VEBASTO·
629 2239 667 2278 BE
684 2237 797 2277 DUABUS
813 2233 959 2276 nlsmlcls.
978 2235 1016 2274 m!
1035 2233 1201 2276 Maalctmo.
1221 2235 1262 2276 DE
1281 2237 1355 2276 Am-

443 2319 538 2359 ltuco.
555 2318 593 2356 DE
607 2315 794 2357 monastertio
812 2313 1011 2356 atlanteum.
1026 2314 1064 2354 D!
1072 2313 1168 2356 1111ch
1184 2316 1222 2356 n
1232 2315 1296 2358 m.

296 2639 300 2644 .
383 2503 438 2612 lu
456 2553 572 2612 castro
590 2565 677 2612 vero
691 2539 939 2639 Atrebatensij
954 2539 1217 2610 monasterium
1234 2540 1274 2610 S.
1293 2541 1357 2610 Ve-

262 2667 267 2676 '
382 2660 496 2755 dasii,
521 2661 623 2761 quod
643 2688 754 2760 supra
772 2659 930 2732 diximus
950 2687 971 2732 a
991 2665 1026 2732 S.
1051 2660 1229 2732 Autberto
1252 2661 1358 2734 fuisse

383 2801 662 2878 constructum,
689 2783 958 2858 monachorum
981 2781 1158 2881 religione
1179 2783 1355 2868 laetatur,

383 2911 585 3007 multisque
619 2913 800 2982 virtutum
841 2907 1017 3006 prodigiis
1064 2907 1209 2978 coelitus
1255 2906 1359 2977 illus-

385 3045 517 3104 tratur.
548 3033 644 3102 Huic
663 3035 772 3104 etiam
792 3031 888 3103 infra
914 3029 1026 3102 idem'
1049 3043 1236 3120 castrum,
1260 3013 1357 3099 ‘dure

384 3156 543 3229 basilicae
576 3155 681 3254 justa
723 3157 914 3255 subjacent
954 3159 1247 3247 canonicorum,
1287 3177 1359 3224 una

386 3279 554 3353 videlicet
581 3283 619 3351 in
658 3279 799 3354 honore
833 3284 868 3351 S.
902 3281 1046 3370 Marica,
1080 3279 1193 3350 altera
1221 3302 1312 3350 vero
1324 3281 1357 3348 S.

385 3404 482 3474 Petri
497 3404 666 3504 apostoli.
689 3407 752 3474 Est
774 3405 883 3474 etiam
907 3405 945 3471 in
966 3399 1054 3473 rico3
1067 3399 1257 3472 Maraculo
1282 3423 1362 3472 mo-

386 3530 585 3598 nasterium
614 3529 908 3616 canonicorum,
931 3523 997 3596 ubi
1027 3523 1068 3594 S.
1101 3525 1257 3620 quiescit
1277 3526 1363 3593 Ber-

387 3647 483 3737 tilia,
501 3647 674 3744 qum-hoo
693 3652 813 3747 ipsum
835 3643 1149 3744 suum'praedium
1172 3647 1209 3716 S.
1237 3639 1361 3716 Maria

387 3767 551 3841 tradidit.
566 3773 703 3843 Rursus
715 3781 801 3844 v'ero
818 3772 949 3862 intvico
966 3767 1157 3838 Albiniaco
1173 3779 1362 3840 monaste-

387 3893 485 3963 rium
504 3908 557 3963 est
574 3896 852 3983 canonicorum,
868 3895 903 3962 S.
922 3889 1091 3964 videlieet
1105 3887 1285 3981 Chiliani,
1302 3891 1364 3987 qui

387 4015 513 4087 scotus
525 4012 631 4088 fuisse
647 4012 816 4088 traditur.
832 4017 925 4090 Item
937 4015 976 4084 in
989 4025 1114 4086 monte
1127 4013 1163 4086 S.
1174 4010 1286 4108 Eligit
1299 4013 1365 4110 (sic
