2932 4974
379 513 437 569 202
677 519 797 566 ennon.
820 520 899 568 cu.
920 523 961 568 nr
983 522 1060 567 ern.

618 751 1008 935 &opitu-lom
1040 814 1075 900 ι.

377 1063 520 1104 ”11⁰⁰ss
537 1061 725 1103 uenturum
739 1063 760 1104 Β.
772 1063 888 1108 ΙΑΜΕ.
905 1061 944 1102 ΕΤ
964 1060 1002 1102 ll}
1017 1059 1138 1111 Quom!
1153 1060 1266 1104 ΙΟΙῙΜ
1279 1064 1343 1106 ttttlt

570 1139 786 1188 Pfflflfflssoa
799 1143 838 1183 ΙΤ
860 1139 974 1182 mult
987 1136 1154 1181 wlffin-

377 1342 562 1452 Nrnrauu
581 1377 646 1449 iste
661 1389 714 1448 est
725 1375 849 1469 locus,
876 1402 988 1477 quem
1011 1353 1145 1448 divinis
1168 1377 1339 1450 miraeul'n

377 1499 425 1574 ad
441 1499 592 1573 laudem
608 1514 645 1570 et
664 1498 845 1572 honorem
867 1501 993 1571 matris
1011 1498 1164 1570 Domini
1184 1499 1337 1598 plerum-

378 1647 451 1720 que
465 1619 674 1695 audivimus
695 1621 892 1713 illustrari,
913 1619 977 1694 sed
1002 1645 1068 1720 per
1091 1620 1337 1718 negligentiam

377 1745 599 1842 scriptorum
614 1744 794 1841 obsoleta,
811 1735 998 1831 memoriae
1018 1741 1188 1814 subtrahi
1208 1739 1337 1815 condo-

376 1865 494 1939 lemus
508 1868 574 1964 (t).
592 1869 663 1940 Nos
678 1853 801 1940 antem
819 1864 997 1966 paneade
1012 1865 1156 1956 multis,
1181 1889 1264 1964 quae
1284 1875 1337 1934 aut

377 1985 624 2060 evidentibus
638 1991 864 2088 accepimus,
880 2000 944 2060 aut
959 1989 1027 2086 ipsi
1043 2011 1163 2085 nuper
1176 1985 1335 2076 vidimus,
1433 2063 1434 2074 ἵ

376 2121 494 2182 tacere
509 2133 584 2182 non
602 2113 780 2208 patimur.
801 2111 895 2181 Nam
914 2123 1078 2206 tempore
1093 2109 1239 2180 Erluini
1253 2109 1336 2206 epis-

376 2233 460 2328 copi
488 2229 641 2316 accidit,
664 2245 707 2302 ut
727 2228 880 2328 quidam
902 2231 1157 2302 caementarius
1176 2234 1248 2304 sive
1266 2251 1337 2302 ear·
1433 2273 1434 2276 =

370 2352 583 2447 pomarius,
595 2348 781 2422 Helfridus
795 2353 962 2442 nomine,
980 2354 1144 2450 exigente
1159 2354 1213 2424 rei
1228 2372 1341 2422 neees-

373 2471 499 2560 sitate,
516 2471 793 2568 campanarium
809 2453 1019 2544 monasterii
1029 2469 1332 2570 hujussoanderet,

372 2588 468 2690 pede
483 2615 570 2664 vero
584 2589 750 2682 fallente,
768 2617 834 2690 per
850 2592 994 2666 lubrica
1013 2594 1154 2694 lapsus,
1176 2593 1334 2667 semiani-

370 2712 443 2789 mis
470 2713 509 2782 in
539 2713 618 2811 ipso
642 2708 778 2805 choro,
802 2713 927 2786 multis
948 2715 1217 2814 spectantibus,
1242 2712 1333 2786 humi

372 2847 578 2924 corrueret,
602 2847 706 2906 tanto
727 2860 813 2910 sane
840 2839 983 2936 impetu
1008 2835 1220 2930 devolutus,
1249 2833 1332 2906 utri

371 2956 453 3050 quis
483 2955 619 3026 ariolus
648 2980 735 3028 eum
765 2960 953 3030 victurum
973 2957 1066 3058 forte
1086 2963 1329 3058 promitteret,

370 3075 522 3146 scissura
536 3073 651 3148 effossi
666 3081 869 3176 pavimenti
883 3079 949 3151 ubi
963 3078 1114 3172 cecidit,
1130 3081 1331 3182 praesagium

368 3195 501 3294 procul
518 3193 634 3268 dudio
648 3223 753 3302 posse
767 3199 930 3272 refellere
957 3199 1157 3274 videretur.
1180 3199 1332 3274 Dissolu-
1429 3193 1430 3208 ¹

248 3331 256 3346 “
370 3317 539 3390 tioenim
561 3321 802 3418 pavimenti,
793 3347 889 3422 quse
911 3315 977 3396 diu
1000 3321 1123 3412 affuit,
1149 3322 1331 3400 testabatur
1428 3409 1429 3420 ἵ

369 3432 621 3510 difficultatem
638 3441 807 3536 periculi,
825 3457 1057 3542 mortemque
1071 3447 1244 3536 vicinam,
1259 3439 1330 3511 des·
1428 3429 1429 3450 ³

363 3570 496 3664 perata
522 3560 676 3630 omnino
702 3561 857 3658 salute,
878 3568 1000 3664 potius
1031 3563 1247 3638 vadabatur.
1279 3553 1326 3632 ld
1427 3609 1428 3630 ι

368 3673 471 3750 hunc
486 3702 573 3750 mox
587 3677 784 3782 derepente
802 3711 887 3759 eum
903 3701 1051 3788 stupore
1068 3703 1104 3760 et
1118 3687 1249 3761 affectu
1265 3682 1328 3756 he

399 3903 430 3966 (l
441 3905 528 3969 ll'out
546 3921 575 3958 ee
595 3908 639 3977 qui
659 3911 712 3960 ruit
730 3917 756 3962 et
775 3913 814 3963 len
832 3901 899 3966 deux
917 3911 1050 3984 ehapitree
1069 3917 1184 3968 mirante
1200 3873 1323 3980 muqflfll

367 3993 431 4046 datu
443 3993 469 4046 le
484 4001 531 4048 tte.
546 4002 574 4048 r.
