3088 4968
562 575 655 620 LIBER
671 575 798 622 ramus.
1137 569 1173 620 {5

193 742 379 814 vetustatis
401 739 603 812 obscuritas
621 765 642 810 a
663 753 785 810 nostra
804 740 949 812 seclusit
972 741 1170 832 memoria,

191 865 306 932 immo
330 885 496 960 eaquae,
520 861 676 957 peccatis
697 860 940 956 exigentibus,
966 859 1171 931 Galliarum

192 983 358 1055 ecclesias
380 1005 608 1080 paganorum
628 985 832 1079 persecutio
853 981 1057 1053 subvertit:
1088 1005 1172 1082 quac

192 1104 288 1176 adeo
301 1106 341 1174 in
356 1101 646 1176 Christianorum
662 1104 845 1203 populum
860 1101 1066 1175 efferbuisse
1078 1103 1172 1202 legi-

194 1240 278 1314 tur,
301 1239 343 1294 ut
365 1222 588 1314 Christiani,
615 1228 679 1324 qui
702 1251 744 1296 ea
765 1236 975 1322 tempestate
995 1224 1168 1320 fuerant,

192 1373 261 1446 per
279 1345 434 1417 latibula
455 1343 582 1416 divina
601 1347 826 1418 celebrarent
846 1348 1030 1441 mysteria.
1053 1350 1088 1418 Si
1106 1351 1171 1446 qui

194 1481 360 1538 autema
378 1469 529 1564 paganis
550 1468 846 1566 reperiebantur,
871 1481 935 1536 aut
958 1467 1171 1540 verberibus

193 1588 470 1680 alliciebantur,
490 1604 553 1660 aut
570 1589 693 1686 gladio
717 1587 1019 1682 trucidabantur,
1040 1589 1168 1682 multi,

195 1713 236 1780 in
250 1710 379 1808 speleis
394 1725 458 1781 aut
476 1711 575 1782 fossis
589 1713 833 1783 subterraneis
854 1711 1037 1803 absconsi,
1057 1711 1172 1784 suffo-

196 1831 387 1904 cabantur.
415 1834 491 1921 Sic,
518 1831 742 1904 obeuntibus
764 1831 1032 1923 sacerdotibus,
1057 1836 1195 1918 inter-¹

196 1957 303 2026 missa
316 1977 505 2025 sacrorum
520 1951 659 2044 ollicia3
677 1951 857 2052 quicquid
876 1951 923 2024 ad
943 1957 1034 2026 sacri
1055 1955 1175 2028 cultus

199 2076 468 2148 observantiam
489 2075 695 2172 spectabat,
720 2079 925 2146 remissurn.
945 2076 1175 2148 incumben-

200 2198 295 2270 tibus
318 2199 455 2288 ruinis,
475 2197 548 2274 ,alii
576 2221 612 2267 se
635 2195 933 2295 praecipitabant,
956 2197 1023 2267 alii'
1047 2201 1176 2296 patrias

199 2319 375 2393 incendiis
394 2316 670 2390 exurebantur:
693 2319 819 2416 paucis
844 2331 967 2389 tamen
988 2343 1105 2417 usque
1128 2319 1177 2391 ad

198 2443 373 2514 ultimum
395 2445 436 2512 in
462 2466 529 2512 suo
544 2465 698 2512 munere
712 2441 1049 2540 perseverantibus,
1066 2457 1176 2541 atque

103 2565 109 2574 '
198 2567 358 2636 invicem
387 2589 424 2636 se
455 2560 689 2636 hortantibus
723 2589 732 2634 ε
765 2589 812 2634 ne
842 2565 882 2634 in
914 2562 1177 2661 posterioribus

197 2699 381 2785 ponerent
394 2709 504 2757 sacrae
516 2685 702 2784 religionis
720 2685 901 2777 officium,
919 2711 1032 2783 quam
1052 2685 1178 2757 salutis

197 2805 427 2908 praesidium.
453 2809 562 2879 Recte
581 2833 705 2880 secum
726 2811 802 2904 agi,
827 2809 856 2878 si
879 2807 1006 2904 pietati
1030 2808 1179 2902 impen-

200 2929 350 3020 derent,
368 2925 471 3026 quod
489 2927 685 3001 deberetur
705 2930 906 3002 necessitati
927 2953 936 2997 ε
966 2923 1179 3025 pulcherri-

198 3075 306 3122 mum
320 3052 350 3121 si
364 3053 403 3120 in
418 3052 544 3148 patrias
557 3053 641 3122 sinu
655 3051 799 3150 sepeliri
812 3051 952 3123 liceret.
965 3047 1064 3140 Quid
1078 3051 1177 3118 enim

197 3177 346 3271 juvaret
358 3171 529 3265 evadere,
547 3187 583 3245 et
599 3176 832 3273 superstitem
850 3175 973 3244 vivere
987 3169 1178 3266 religioni?

204 3291 422 3364 Praeclarum
450 3297 572 3392 potius
596 3297 776 3366 commori
800 3296 862 3390 pio
886 3293 1045 3361 muneri.
1071 3289 1180 3380 Quod

205 3414 236 3484 si
252 3414 351 3510 quis,
366 3417 519 3513 periculi
538 3427 659 3502 metu,
682 3411 841 3502 deserat,
857 3408 1086 3503 sacrilegium
1107 3424 1177 3503 est3

202 3535 233 3606 si
263 3537 343 3632 quis
370 3535 541 3634 impleat,
576 3533 794 3608 sacrificium
825 3545 878 3606 est
909 3531 980 3632 piae
1008 3532 1182 3628 passionis

202 3658 370 3730 victoria.
403 3657 553 3728 infulati
588 3655 945 3756 itaque.sacerdotes
978 3656 1074 3726 inter
1101 3679 1182 3728 suas

203 3775 341 3850 hostias
361 3778 673 3868 immolabantur,
691 3791 727 3848 et
748 3779 871 3849 amicti
895 3774 1182 3848 sacerdotalibus

204 3899 304 3970 stolis
330 3901 428 3972 inter
454 3925 609 4000 corpora
635 3900 839 3972 occisorum
867 3883 973 3970 humi
997 3895 1180 3994 jacebant.

204 4018 276 4092 Sed
300 4045 368 4092 nec
388 4019 509 4092 solum
533 4021 571 4092 in
602 4023 709 4095 sacris
736 4019 912 4092 ministris
932 4029 1033 4090 tanta
1052 4029 1186 4114 strages
