3088 4968
349 554 368 607 6
656 557 774 603 canon.
793 555 872 602 unu.
891 557 933 600 nr
946 554 1023 599 Ara.

1245 649 1324 660 ..ι-.-

348 722 446 792 inter
472 719 696 815 antiquiores
723 729 760 788 et
790 715 988 788 nobiliores
1012 713 1141 803 urbes,
1172 689 1325 786 Atreba-

348 857 431 914 tum
456 866 592 912 nomen
610 839 797 934 obtinere,
813 839 842 911 si
858 839 940 938 quis
955 833 1122 908 historias
1135 836 1157 904 J
1160 834 1226 906 ulii
1241 835 1324 907 Cae-

348 967 437 1036 saris
463 965 675 1054 retexuerit,
709 985 785 1032 non
817 958 1015 1058 ignorabit.
1045 959 1112 1029 Hic
1142 981 1323 1055 namque,

350 1101 547 1187 postquam
570 1087 681 1158 totius
705 1107 800 1180 pene
823 1059 980 1152 Orientis
1004 1078 1132 1152 orbem
1157 1080 1326 1152 Romano

350 1215 577 1313 subjugasset
592 1213 769 1311 imperio,
794 1234 968 1310 regesque
981 1208 1148 1306 gentium
1164 1205 1326 1280 tributa-

352 1347 426 1418 rios
451 1343 607 1432 fecisset,
639 1338 767 1412 videns
798 1335 901 1438 quod
919 1339 953 1408 ei
982 1338 1120 1411 incerta
1139 1334 1325 1407 bellorum

350 1465 680 1564 prosperavissent,
713 1458 957 1534 occidentales
981 1479 1131 1556 quoque
1160 1459 1328 1554 regiones

351 1611 417 1660 suo
451 1586 608 1683 imperio
625 1582 826 1682 adjungere
846 1579 1108 1654 meditabatur.
1134 1575 1242 1650 Unde
1260 1603 1328 1651 su-

349 1709 485 1808 peratis
501 1706 674 1806 Alpibus,
704 1705 892 1806 Gallisque
909 1701 957 1777 ad
974 1701 1201 1776 deditionem
1218 1721 1328 1776 coao-

350 1831 414 1920 tis‚
432 1843 496 1902 aut
512 1828 635 1926 gladio
650 1827 860 1921 trucidatis,
880 1827 973 1900 forte
988 1825 1226 1916 Atrebatum,
1242 1849 1329 1923 quae

351 1963 542 2050 supererat
560 1953 599 2022 in
614 1952 781 2026 extremis
797 1950 927 2024 Galliae
940 1925 1095 2040 finibus,
1114 1961 1237 2046 septus
1253 1949 1330 2046 mi-v

351 2071 519 2146 litaribus
543 2076 657 2173 copiis
674 2071 835 2147 devenit.
855 2073 926 2144 Cui
947 2095 1032 2145 eum
1055 2071 1169 2163 cives,
1191 2073 1330 2142 Comeo

352 2194 466 2286 duee,
483 2198 563 2269 viro
588 2195 729 2270 militiae
751 2198 882 2270 veteris
897 2191 1088 2292 stipendiis
1104 2193 1268 2288 egregiO,
1293 2203 1332 2264 et

353 2320 471 2416 gentis
489 2339 564 2388 suae
587 2332 623 2388 et
642 2319 771 2414 patriae
787 2315 903 2386 salute
920 2313 1205 2406 ferventissimo,
1221 2315 1331 2386 resis-

354 2452 492 2530 terent,
515 2435 727 2535 indignatus
747 2433 850 2535 quod
869 2437 1045 2508 Romanae
1066 2437 1241 2533 potentias
1265 2459 1331 2508 re-

354 2563 476 2635 sistere
495 2556 695 2652 auderent,
724 2560 785 2632 oui
808 2570 968 2632 extrema
993 2555 1110 2630 Indiae
1137 2571 1329 2656 paterent,

356 2685 521 2780 Assyrius
546 2695 657 2782 atque
686 2685 876 2781 AEgyptius
900 2694 1093 2782 parerent,
1114 2680 1332 2756 Maoedonin

356 2819 394 2878 et
416 2805 536 2876 omnis
567 2803 759 2876 Palaestina
787 2807 887 2901 regio
911 2807 1081 2896 serviret,
1103 2805 1223 2876 Seotia
1248 2829 1332 2902 quae

357 2924 451 3002 nibil
468 2927 571 2998 terris
585 2924 760 3017 debebat,
779 2939 889 3025 atque
904 2928 1057 3000 Saxonia
1073 2927 1251 3000 inaoeessa
1267 2951 1334 3024 pa-

353 3046 506 3120 ludibus
525 3061 561 3120 et
572 3049 679 3120 inviis
699 3062 800 3146 septa
814 3049 1122 3146 regionibus,jam
1138 3047 1331 3138 tremebat,

357 3185 542 3270 postremo
560 3173 685 3243 omnia
699 3169 861 3269 subjecta
878 3185 1001 3262 erant,
1028 3173 1097 3242 nisi
1115 3196 1198 3268 qnae
1216 3171 1333 3242 nimio

358 3307 448 3368 aestu
470 3307 535 3368 aut
557 3293 642 3392 gelu
663 3295 764 3370 invia
787 3308 892 3386 suut3
916 3305 953 3366 et
974 3289 1057 3364 ideo
1074 3305 1173 3364 extra
1195 3294 1335 3364 Roma-

358 3443 450 3492 num
473 3417 690 3514 imperium,
718 3418 806 3514 quia
834 3414 962 3490 eadem
995 3429 1095 3490 extra
1125 3411 1333 3488 humanum

357 3563 467 3610 nsum
485 3564 494 3608 ι
518 3562 628 3633 super
643 3535 700 3608 his
714 3535 947 3634 indignatus,
963 3534 1216 3610 vehementius
1232 3536 1333 3610 obsi·-

359 3656 462 3730 dioni
497 3657 681 3730 incubuit.
718 3657 942 3732 Confliotum
979 3660 1250 3757 promptissime
1287 3658 1334 3732 ab

358 3793 517 3878 utraque
539 3793 663 3878 parte,
693 3779 811 3856 donec
826 3795 1049 3856 memoratus
1064 3784 1240 3876 Comeus‚
1257 3785 1334 3856 lto-

359 3903 460 3974 mani
473 3903 649 4001 princi-pis
662 3903 1333 3996 fortitudinemsustinerenonvalens,

361 4046 447 4098 oum
461 4024 601 4098 civibus
616 4023 663 4100 ad
677 4023 904 4102 deditionem
919 4041 1123 4126 cogeretur.
1135 4023 1207 4098 Alii
1221 4023 1333 4101 rebel·
