3044 4968
646 239 694 294 ,κ’

357 549 395 604 99
661 553 779 600 aaron.
799 554 877 601 osu.
895 555 937 598 ar
954 554 1029 599 Ara.

359 716 539 792 mandans
555 729 599 786 ut
611 713 821 812 posthabita
843 717 946 786 omni
967 710 1167 804 dilatione,
1189 715 1247 788 vel
1266 739 1346 788 oc-

359 839 575 936 cupatione,
594 834 643 906 ad
662 834 875 907 condictum
893 849 1116 907 conventum
1138 829 1345 933 episcopo-

359 983 444 1032 rum
457 982 614 1056 praesens
627 954 1037 1044 adessestudeat,nulla
1050 953 1157 1026 causa
1169 970 1342 1053 excepta,

360 1063 430 1152 nisi
447 1092 592 1150 tantum
609 1076 824 1152 infirmitate
838 1097 1027 1172 corporea.
1042 1077 1341 1148 Personasetiam

303 1233 306 1242 ¹
359 1201 562 1300 praemissas
576 1222 667 1294 quas
681 1221 748 1300 per
772 1195 924 1267 alteram
946 1194 1214 1292 significaverat
1235 1175 1345 1294 episss

360 1321 475 1392 tolam
491 1321 718 1391 commoneri
733 1319 909 1398 canonice
930 1317 1058 1405 faciat,
1083 1331 1125 1387 ut
1146 1341 1343 1414 praepara-

363 1457 409 1515 tae
423 1441 471 1514 ad
484 1441 684 1514 solemnem
698 1455 837 1512 coetum
851 1441 1128 1538 episooporum,
1143 1437 1207 1534 ,die
1231 1433 1342 1537 pro}-

363 1563 434 1636 fixa
455 1589 491 1635 se
513 1575 678 1656 satagant
709 1575 940 1659 praesentare.
973 1563 1065 1630 Item
1092 1585 1177 1632 cum
1209 1562 1340 1633 ceteris

365 1684 605 1781 co'c'piscopis,
629 1680 776 1754 Didone
797 1682 934 1754 scilicet
955 1663 1214 1774 Lauduneusi,
1235 1685 1341 1755 Heti-

363 1803 450 1874 lone
464 1803 717 1892 Noviomensi,
735 1799 880 1874 niculfo
894 1804 1133 1892 suessorum,
1157 1804 1341 1876 Herinau-

318 1929 335 1984 ι’
366 1920 415 2006 ,do
431 1926 652 2014 Morinensi,
669 1923 829 1996 scribens
846 1922 935 1995 huic
962 1921 1110 2021 praestssi
1129 1923 1336 2016 Dodiloni,
1381 2017 1389 2024 ·

365 2045 546 2142 significat
571 2044 638 2116 hos
665 2048 867 2144 praemissos
897 2047 937 2115 in
961 2045 1093 2116 urbem
1122 2049 1341 2120 Remensem

366 2170 576 2241 convenisse
597 2151 788 2266 praesules,
815 2165 863 2238 ad
884 2149 1117 2239 tractandum
1139 2165 1184 2238 de
1203 2193 1342 2265 perva-

365 2267 466 2361 sioue
480 2287 672 2378 Balduini,
690 2288 736 2359 de
751 2313 826 2386 quo
841 2289 1033 2384 scripserat
1046 2287 1166 2359 eidem
1180 2285 1338 2382 Dodilo,

367 2408 566 2482 admonere
582 2407 688 2480 illum
706 2423 749 2479 ut
772 2409 995 2505 resipisceret
1014 2434 1035 2479 a
1052 2433 1166 2505 pravo
1187 2411 1341 2480 temeri-

367 2534 450 2602 tatis
468 2513 543 2600 suae
567 2527 675 2600 fastu.
703 2528 773 2602 Sed
801 2532 978 2628 quoniam
1001 2528 1101 2602 idem
1122 2531 1256 2630 praesul
1275 2556 1343 2602 re-

329 2647 334 2656 ’
368 2653 571 2749 scripserat,
586 2675 776 2724 occurrere
787 2649 922 2724 eisdem
931 2649 1148 2748 praesulibus
1162 2673 1199 2722 se
1210 2655 1355 2749 nequi·¹

368 2774 478 2863 visse,
497 2776 585 2872 quia
600 2799 709 2846 suum
726 2777 796 2845 iter
811 2775 1128 2844 Nortmannorum
1147 2775 1342 2870 praeripuit

366 2893 530 2990 gladius,
549 2919 616 2964 ceu
630 2893 676 2964 de
692 2897 882 2986 communi
895 2895 1108 2991 conpatitur
1129 2896 1249 2964 exitio.
1274 2896 1343 2965 Ce-

369 3027 489 3086 terum
519 2996 622 3114 quod
649 3018 803 3114 petierat
827 3016 873 3088 de
895 3013 1096 3103 Balduino,
1119 3017 1159 3086 in
1170 3013 1245 3090 hoc
1259 3012 1340 3086 ad·-

368 3136 522 3232 quieseit
534 3137 587 3226 ei,
605 3151 648 3208 ut
661 3136 917 3227 admonendo,
933 3134 1162 3208 exhortando
1176 3151 1212 3206 et
1224 3137 1342 3206 incre-

368 3255 493 3355 pando
509 3256 740 3332 sedulo‘eum,
755 3260 948 3355 corripiat,
966 3239 1008 3329 ut
1024 3284 1045 3328 a
1058 3283 1124 3330 sua
1138 3259 1343 3352 corrigatur

368 3379 566 3475 pravitate,
595 3379 738 3454 divinas
761 3383 795 3452 ei
821 3405 1031 3478 proponens
1056 3381 1115 3450 SS.
1146 3379 1343 3460 sententias

262 3507 267 3514 '
368 3513 530 3595 patrum.
549 3502 687 3602 Literas
704 3503 814 3572 ctiam
831 3499 951 3574 cidem
969 3498 1150 3572 Balduino
1169 3483 1220 3572 'ab
1241 3502 1346 3598 ipso-

368 3643 453 3690 rum
467 3622 723 3717 episcoporum
739 3635 842 3719 parte
855 3620 1172 3721 dirigisignificat.
1188 3623 1244 3692 De
1255 3622 1348 3718 qui·-

369 3739 438 3811 bus
467 3739 637 3834 hortatur
666 3757 709 3815 ut
735 3746 765 3816 si
798 3745 910 3816 fucrit
940 3745 980 3815 in
1007 3767 1188 3841 praesens,
1218 3745 1250 3813 ei
1282 3765 1349 3812 re-

369 3859 546 3936 citentur:
565 3866 594 3938 si
610 3865 737 3938 absens
751 3865 882 3951 fucrit,
898 3889 1090 3964 persuum
1111 3861 1349 3936 archidiaco-

371 4007 460 4070 num
479 3988 548 4083 ipsi
566 3993 806 4082 transmittat,
824 3992 891 4087 qui
904 3990 1013 4062 ctiam
1031 4013 1090 4061 eas
1107 3987 1214 4064 iilum
1230 3981 1352 4058 iutel-
