3044 4968
524 537 618 582 uun
636 537 763 586 smnus.
1102 546 1139 602 ¹19

515 630 1136 654 ——-——-—-—-.-..-

357 632 512 644 3——

137 703 372 795 Nicolaum,
403 705 443 776 in
459 700 529 774 bac
549 723 659 776 causa
679 717 880 780 certaverat
902 710 1028 808 sequi;
1053 737 1139 786 mo-

140 853 245 901 nens
271 853 361 900 eum
391 841 437 899 ut
462 823 565 924 quod
588 851 700 924 super
726 825 797 902 boc
820 833 969 928 negotio
991 849 1134 930 gestum
1185 835 1196 852 '

140 966 223 1044 est,
239 951 458 1024 nullatenus
470 949 635 1068 enervaqi
647 954 852 1024 consentiat
865 980 873 1023 ι
888 955 1136 1056 intimansque

139 1075 319 1175 qualiter
332 1073 641 1147 excommunicata
655 1071 766 1146 fuerit
786 1073 999 1148 Waldrsda.
1021 1077 1136 1154 Addit

139 1199 271 1270 etiarn
292 1194 394 1296 quod
409 1197 487 1268 sine
504 1195 655 1270 consilio
676 1199 976 1297 coepiscoporum
997 1200 1135 1276 litteras

140 1323 181 1394 ei
199 1319 449 1410 dimissorias,
473 1321 628 1392 maxime
643 1345 712 1420 pro
729 1323 942 1414 reinserta,
964 1322 1053 1398 dare
1071 1329 1134 1398 ne·

141 1445 295 1542 quiret.
316 1445 408 1514 item
439 1439 484 1532 de
512 1441 618 1516 obitu
642 1440 834 1537 Lotharii,
863 1443 1060 1520 exhortans
1091 1463 1134 1522 ut

140 1569 227 1642 sine
248 1563 429 1640 dilatione
453 1565 502 1638 ad
521 1566 703 1638 Karclum
721 1591 844 1664 regem
868 1570 1004 1642 veniat.
1039 1573 1133 1644 Item

142 1715 217 1790 pro
228 1689 397 1790 quodam
411 1689 626 1790 presbytero
640 1692 910 1766 Cameracensis
922 1691 1131 1791 parochias,

143 1819 212 1914 qni
228 1817 395 1914 seipsum
426 1827 662 1904 castraverat,
695 1812 879 1912 frequenti
903 1817 1064 1888 monitus
1093 1811 1134 1888 id

145 1963 255 2036 agere
272 1939 502 2030 visitatione,
519 1925 682 2008 nesciens
694 1933 789 2033 quid
801 1933 891 2008 inde
903 1939 996 2010 sacri
1008 1935 1134 2010 decer·
1248 1953 1252 1958 ’

145 2075 282 2134 nerent
310 2083 490 2151 canones,
521 2058 791 2154 consiliumque
812 2057 896 2150 dat,
920 2081 1074 2132 monens
1089 2035 1153 2132 ut·
1270 2098 1280 2106 -

148 2181 347 2281 diiigenter
365 2184 608 2278 investigetur
628 2179 766 2277 quibus
787 2182 833 2251 sit
855 2178 975 2252 modis
992 2179 1134 2256 admis-

147 2329 228 2378 snrn
246 2321 286 2380 et
300 2308 449 2382 interim
462 2329 531 2404 per
543 2301 814 2400 indulgentiam
828 2302 1019 2402 presbyter
1031 2303 1132 2378 idem

148 2433 366 2504 manentia
393 2427 526 2502 ordine
556 2451 643 2520 suo,
667 2425 805 2518 donec,
840 2428 880 2498 in
912 2427 1130 2527 provinciali

148 2553 318 2650 synodo,-
339 2552 433 2654 quid
450 2539 583 2626 exinde
605 2549 809 2624 tenendum
829 2551 875 2624 sit
891 2553 1128 2646 inveniatur,

147 2677 247 2776 quud
263 2701 336 2752 nec
352 2677 544 2778 praeceptis
556 2675 773 2772 evangelicis
788 2677 1040 2766 contrarium,
1063 2701 1132 2750 nec

147 2797 303 2877 decretis
330 2807 542 2874 mnctorum
570 2799 777 2897 reperiatur
803 2794 1013 2868 adversum.
1037 2800 1130 2870 item

148 2930 351 3022 gratiarum
371 2921 528 2996 referens
545 2923 707 2995 actiones
724 2943 795 3018 pro
814 2915 1002 2996 beneficiis
1031 2943 1130 3018 saepe

148 3045 214 3120 sibi
228 3049 280 3122 ab
293 3073 337 3121 eo
353 3048 543 3147 impensis,
553 3058 681 3146 petens
695 3055 738 3114 ut
748 3043 913 3141 requirat
923 3065 1129 3116 sermonem

150 3169 184 3240 S.
198 3173 394 3269 Augustini
413 3167 458 3242 de
480 3164 585 3268 lapsu
599 3164 773 3240 monachi
789 3179 825 3237 et
842 3163 986 3256 viduoe,
1006 3189 1048 3238 ac
1059 3163 1128 3236 sibi
1160 3223 1163 3226 .

149 3289 200 3392 ad
209 3289 543 3366 transscribendum
558 3289 765 3380 mittat,vel
781 3286 990 3360 transscribi
1004 3285 1127 3378 faeiat,

151 3427 186 3484 et
207 3414 256 3487 ad
279 3419 483 3514 proximam
507 3411 694 3510 synodum
712 3411 782 3484 sibi
811 3407 948 3480 afferat.
974 3407 1131 3504 Exposi-

150 3537 287 3612 tionem
302 3563 451 3640 quoque
465 3535 572 3610 Bedae
588 3539 627 3607 in
643 3532 847 3636 proverbiis
862 3530 1066 3604 Salomonis
1081 3527 1129 3602 ad

148 3661 304 3736 andem
325 3660 511 3760 synodum
536 3659 607 3732 sibi
636 3655 770 3730 deferri
800 3669 940 3754 petens.
977 3655 1130 3728 intimat

145 3785 254 3858 stiam
270 3784 375 3886 quod
390 3807 488 3885 papa
500 3781 688 3858 Romanus
705 3780 842 3852 Karoio
857 3782 956 3877 regi,
982 3793 1018 3850 et
1034 3780 1132 3876 epis-
1270 3855 1277 3864 ,

120 3929 122 3934 ·
141 3911 247 4006 aspis
272 3911 388 4008 ipsius
415 3909 519 4006 regni
535 3901 709 4006 quaedam
731 3899 907 3974 mandata
926 3899 1126 3990 direxerit,

150 4023 345 4131 dequibus
361 4027 560 4129 insynodo
573 4030 620 4101 sit
634 4051 776 4140 neeesse
790 4024 952 4100 tractari.
971 4015 1079 4094 Unde
1092 4031 1128 4093 et
1184 4081 1193 4102 ,
