2902 4972
378 570 441 624 560*
755 576 826 622 arr.
851 575 984 622 strunt

376 741 604 832 castellanus,
621 767 707 814 enm
722 741 802 812 aliis
821 741 946 814 multis
961 765 1030 840 pro
1044 741 1116 816 hoc
1130 745 1211 842 ipso
1223 767 1337 841 preca-

376 879 435 935 tor
448 867 611 955 accessit3
629 863 736 936 ethis
753 866 935 936 animatus
951 863 1142 961 precibus,
1160 867 1336 962 episeopus

375 985 580 1078 Gerardus,
596 985 772 1058 abbatiali
789 984 967 1082 dignitate
989 985 1216 1058 sublimavit.
1232 989 1333 1078 Quam

373 1107 435 1180 ille
455 1123 661 1204 susceptam
689 1132 756 1204 per
776 1107 918 1203 aliquot
937 1130 1053 1177 annos
1073 1119 1222 1178 strenue
1239 1109 1330 1194 rexit,

374 1228 438 1302 sed
464 1243 589 1328 postea
614 1229 800 1300 continuis
823 1226 1104 1298 imminentibus
1130 1229 1282 1323 guerris,
1305 1239 1333 1295 et

375 1353 531 1422 niaxime
562 1349 660 1422 fame
694 1375 849 1447 magua,
891 1349 1041 1424 ecelesia
1071 1346 1153 1422 baee
1179 1346 1332 1422 devoluta

375 1487 428 1544 est
440 1474 663 1570 paupertati.

631 1663 634 1668 ¹
697 1684 861 1868 bag.
924 1729 1010 1804 111·

497 1995 534 2034 DE
553 1993 649 2036 ”Lito
667 1993 747 2034 APUD
767 1993 881 2036 VILLA!
903 1993 1101 2036 assuminus
1122 1994 1227 2038 FAGTO.

377 2181 434 2292 lu
448 2219 513 2291 illo
528 2234 712 2319 tempore,
729 2219 831 2320 apud
846 2223 1108 2313 Camaracum,
1126 2220 1334 2294 interOilar·

377 2339 469 2414 dum
490 2344 711 2441 praeclarum
737 2343 912 2436 militem,
934 2359 971 2416 et
989 2346 1188 2435 Joanuem,
1210 2342 1333 2414 Ottonis

376 2465 518 2557 filium,
535 2491 604 2564 pro
626 2466 787 2566 quadam
814 2467 903 2540 villa
923 2469 1114 2556 Viueiaco,
1138 2466 1332 2563 gravissima

377 2603 504 2660 exorta
523 2603 576 2660 est
596 2593 803 2680 eontentio,
824 2587 917 2661 adeo
936 2603 980 2660 nt
1000 2587 1047 2660 ab
1068 2589 1227 2660 invicem
1242 2608 1331 2684 sepa-

378 2711 462 2802 rati,
479 2710 572 2782 alter
583 2735 727 2801 eorum,
747 2709 787 2782 id
803 2725 869 2801 est,
887 2712 1061 2801 ioannes,
1077 2733 1164 2781 eum
1183 2704 1332 2779 Fuieho-

378 2855 425 2904 ne
442 2846 576 2930 nepote
590 2857 670 2923 suo,
690 2833 878 2904 Cameraci
895 2855 1061 2920 maneus,
1076 2829 1174 2901 bella
1191 2839 1331 2928 pararet,

379 2952 471 3024 alter
491 2976 596 3043 vero,
616 2951 657 3022 id
673 2967 748 3044 est,
765 2949 954 3042 Oilardus,
970 2954 1009 3022 in
1032 2951 1129 3023 haue
1140 2951 1260 3024 villam
1279 2971 1331 3020 ve-

380 3076 507 3164 niens,
532 3072 802 3146 conductorum
817 3073 979 3145 militum
999 3073 1070 3144 sibi
1084 3075 1227 3171 eopiam
1248 3093 1333 3143 assu-

376 3210 505 3268 meret.
522 3195 691 3288 Quadam
703 3210 827 3270 autem
843 3195 917 3288 die,
934 3209 1099 3294 tempore
1114 3197 1246 3286 messis,
1262 3215 1331 3265 enm

377 3315 467 3391 hine
492 3319 726 3417 atque-illine
745 3321 895 3418 egressi,
917 3317 966 3390 ad
987 3317 1113 3392 villam
1127 3316 1333 3392 Castenerias

375 3443 562 3514 venientes
574 3442 644 3513 sibi
658 3441 876 3540 obviassent,
896 3442 1027 3511 armati
1043 3439 1329 3538 congrediuntur,

378 3576 415 3634 et
431 3565 733 3660 commissogravi
750 3563 892 3660 praelio,
902 3563 1011 3658 pauei
1024 3587 1066 3633 ex
1080 3577 1184 3659 parte
1197 3555 1331 3642 Oilardi,

378 3681 442 3754 sed
466 3683 574 3754 multi
596 3710 637 3757 ex
661 3685 912 3756 Cameracensi
936 3686 1096 3756 exercitu
1117 3691 1331 3756 corrnerunt.

379 3804 521 3876 ibertus
535 3831 699 3904 quoque,
719 3831 832 3906 nepos
847 3807 1022 3902 episcopi,
1039 3819 1075 3878 et
1089 3804 1169 3877 Ado
1183 3803 1228 3876 de
1240 3801 1331 3874 Beleu

380 3928 516 4024 egregii
532 3927 808 4018 viri,interfeeti
821 3923 1073 4002 sunt.Fulchn
1088 3951 1247 4025 quoqne,
1261 3941 1332 3994 eum

381 4048 507 4120 multis
529 4047 675 4124 famosis
695 4052 800 4145 viris,
817 4064 945 4150 captus
966 4063 1036 4142 est,
1057 4049 1164 4123 etsie
1185 4039 1333 4120 Oilardus
