<?xml version="1.0" encoding="UTF-8"?>
<!DOCTYPE html PUBLIC "-//W3C//DTD XHTML 1.0 Transitional//EN"
    "http://www.w3.org/TR/xhtml1/DTD/xhtml1-transitional.dtd">
<html xmlns="http://www.w3.org/1999/xhtml" xml:lang="en" lang="en">
 <head>
  <title>
</title>
<meta http-equiv="Content-Type" content="text/html;charset=utf-8" />
  <meta name='ocr-system' content='tesseract 3.04.00' />
  <meta name='ocr-capabilities' content='ocr_page ocr_carea ocr_par ocr_line ocrx_word'/>
</head>
<body>
  <div class='ocr_page' id='page_1' title='image "./chroniquedarras00glaygoog_0179.png"; bbox 0 0 3044 4968; ppageno 0'>
   <div class='ocr_carea' id='block_1_1' title="bbox 565 509 1177 610">
    <p class='ocr_par' dir='ltr' id='par_1_1' title="bbox 565 509 1177 610">
     <span class='ocr_line' id='line_1_1' title="bbox 565 509 1177 610; baseline 0 -2"><span class='ocrx_word' id='word_1_1' title='bbox 565 565 659 610; x_wconf 67' lang='lat' dir='ltr'><strong>trualt</strong></span> <span class='ocrx_word' id='word_1_2' title='bbox 676 563 805 609; x_wconf 70' lang='lat' dir='ltr'><strong>rutulis.</strong></span> <span class='ocrx_word' id='word_1_3' title='bbox 1095 509 1177 608; x_wconf 48' lang='lat' dir='ltr'><strong>-i-ll</strong></span> 
     </span>
    </p>
   </div>
   <div class='ocr_carea' id='block_1_2' title="bbox 187 721 1183 3134">
    <p class='ocr_par' dir='ltr' id='par_1_2' title="bbox 187 721 1183 1937">
     <span class='ocr_line' id='line_1_2' title="bbox 197 721 1183 808; baseline 0.006 -26"><span class='ocrx_word' id='word_1_4' title='bbox 197 721 339 785; x_wconf 87' lang='lat' dir='ltr'><strong>moribus</strong></span> <span class='ocrx_word' id='word_1_5' title='bbox 353 737 490 806; x_wconf 76' lang='lat' dir='ltr'><strong>samgant</strong></span> <span class='ocrx_word' id='word_1_6' title='bbox 502 729 677 806; x_wconf 88' lang='lat' dir='ltr'><strong>impetrare.</strong></span> <span class='ocrx_word' id='word_1_7' title='bbox 692 727 853 788; x_wconf 80' lang='lat' dir='ltr'><strong>Inferiores</strong></span> <span class='ocrx_word' id='word_1_8' title='bbox 872 745 997 808; x_wconf 88' lang='lat' dir='ltr'><strong>quoque</strong></span> <span class='ocrx_word' id='word_1_9' title='bbox 1021 729 1096 788; x_wconf 88' lang='lat' dir='ltr'><strong>niati</strong></span> <span class='ocrx_word' id='word_1_10' title='bbox 1120 739 1183 788; x_wconf 88' lang='lat' dir='ltr'><strong>tes·-</strong></span> 
     </span>
     <span class='ocr_line' id='line_1_3' title="bbox 197 829 1179 916; baseline 0.005 -28"><span class='ocrx_word' id='word_1_11' title='bbox 197 847 271 889; x_wconf 79' lang='lat' dir='ltr'><strong>sere</strong></span> <span class='ocrx_word' id='word_1_12' title='bbox 281 842 495 912; x_wconf 72' lang='lat' dir='ltr'><strong>cognoscentes</strong></span> <span class='ocrx_word' id='word_1_13' title='bbox 508 875 517 904; x_wconf 95' lang='lat'><strong>,</strong></span> <span class='ocrx_word' id='word_1_14' title='bbox 533 851 569 890; x_wconf 88' lang='lat' dir='ltr'><strong>ao</strong></span> <span class='ocrx_word' id='word_1_15' title='bbox 578 829 664 892; x_wconf 90' lang='lat' dir='ltr'><strong>velut</strong></span> <span class='ocrx_word' id='word_1_16' title='bbox 675 829 732 890; x_wconf 86' lang='lat' dir='ltr'><strong>sibi</strong></span> <span class='ocrx_word' id='word_1_17' title='bbox 745 832 874 910; x_wconf 78' lang='lat' dir='ltr'><strong>prelatis</strong></span> <span class='ocrx_word' id='word_1_18' title='bbox 877 875 976 891; x_wconf 90' lang='grc'><strong>........</strong></span> <span class='ocrx_word' id='word_1_19' title='bbox 990 830 1158 916; x_wconf 77' lang='lat' dir='ltr'><strong>pedagogis</strong></span> <span class='ocrx_word' id='word_1_20' title='bbox 1171 877 1179 908; x_wconf 90' lang='lat'><strong>,</strong></span> 
     </span>
     <span class='ocr_line' id='line_1_4' title="bbox 193 933 1180 1015; baseline 0.003 -21"><span class='ocrx_word' id='word_1_21' title='bbox 193 953 259 994; x_wconf 88' lang='lat' dir='ltr'><strong>non</strong></span> <span class='ocrx_word' id='word_1_22' title='bbox 273 933 364 994; x_wconf 88' lang='lat' dir='ltr'><strong>aliter</strong></span> <span class='ocrx_word' id='word_1_23' title='bbox 378 953 431 994; x_wconf 89' lang='lat' dir='ltr'><strong>eos</strong></span> <span class='ocrx_word' id='word_1_24' title='bbox 446 953 624 1013; x_wconf 84' lang='lat' dir='ltr'><strong>nuncupare</strong></span> <span class='ocrx_word' id='word_1_25' title='bbox 638 933 788 1010; x_wconf 88' lang='lat' dir='ltr'><strong>audeant,</strong></span> <span class='ocrx_word' id='word_1_26' title='bbox 804 955 897 1014; x_wconf 89' lang='lat' dir='ltr'><strong>quam</strong></span> <span class='ocrx_word' id='word_1_27' title='bbox 915 937 1080 1015; x_wconf 74' lang='lat' dir='ltr'><strong>magistros.</strong></span> <span class='ocrx_word' id='word_1_28' title='bbox 1097 936 1136 995; x_wconf 78' lang='lat' dir='ltr'><strong>At</strong></span> <span class='ocrx_word' id='word_1_29' title='bbox 1155 939 1180 998; x_wconf 92' lang='lat' dir='ltr'><strong>si</strong></span> 
     </span>
     <span class='ocr_line' id='line_1_5' title="bbox 193 1037 1180 1122; baseline 0.003 -23"><span class='ocrx_word' id='word_1_30' title='bbox 193 1041 377 1122; x_wconf 80' lang='lat' dir='ltr'><strong>contigerit,</strong></span> <span class='ocrx_word' id='word_1_31' title='bbox 389 1051 426 1098; x_wconf 92' lang='lat' dir='ltr'><strong>ut</strong></span> <span class='ocrx_word' id='word_1_32' title='bbox 434 1037 693 1121; x_wconf 60' lang='lat' dir='ltr'><strong>neuterfncutrum</strong></span> <span class='ocrx_word' id='word_1_33' title='bbox 704 1059 845 1120; x_wconf 87' lang='lat' dir='ltr'><strong>superare</strong></span> <span class='ocrx_word' id='word_1_34' title='bbox 855 1051 957 1120; x_wconf 82' lang='lat' dir='ltr'><strong>queat,</strong></span> <span class='ocrx_word' id='word_1_35' title='bbox 971 1057 1180 1122; x_wconf 85' lang='lat' dir='ltr'><strong>omnesaequa-</strong></span> 
     </span>
     <span class='ocr_line' id='line_1_6' title="bbox 191 1143 1180 1226; baseline 0.006 -24"><span class='ocrx_word' id='word_1_36' title='bbox 191 1145 325 1204; x_wconf 89' lang='lat' dir='ltr'><strong>nimiter</strong></span> <span class='ocrx_word' id='word_1_37' title='bbox 340 1147 463 1226; x_wconf 83' lang='lat' dir='ltr'><strong>utrique</strong></span> <span class='ocrx_word' id='word_1_38' title='bbox 490 1146 522 1205; x_wconf 91' lang='lat' dir='ltr'><strong>in</strong></span> <span class='ocrx_word' id='word_1_39' title='bbox 541 1143 723 1204; x_wconf 88' lang='lat' dir='ltr'><strong>alterutrum</strong></span> <span class='ocrx_word' id='word_1_40' title='bbox 746 1143 931 1224; x_wconf 83' lang='lat' dir='ltr'><strong>possidentes</strong></span> <span class='ocrx_word' id='word_1_41' title='bbox 951 1146 1094 1219; x_wconf 87' lang='lat' dir='ltr'><strong>virtutes,</strong></span> <span class='ocrx_word' id='word_1_42' title='bbox 1121 1167 1180 1208; x_wconf 81' lang='lat' dir='ltr'><strong>uns</strong></span> 
     </span>
     <span class='ocr_line' id='line_1_7' title="bbox 191 1247 1179 1330; baseline 0.005 -23"><span class='ocrx_word' id='word_1_43' title='bbox 191 1267 321 1328; x_wconf 83' lang='lat' dir='ltr'>semper</span> <span class='ocrx_word' id='word_1_44' title='bbox 335 1250 396 1309; x_wconf 91' lang='lat' dir='ltr'><strong>sint</strong></span> <span class='ocrx_word' id='word_1_45' title='bbox 408 1250 527 1310; x_wconf 84' lang='lat' dir='ltr'><strong>caritate</strong></span> <span class='ocrx_word' id='word_1_46' title='bbox 541 1247 724 1323; x_wconf 83' lang='lat' dir='ltr'>concordes,</span> <span class='ocrx_word' id='word_1_47' title='bbox 741 1261 771 1309; x_wconf 88' lang='lat' dir='ltr'><strong>et</strong></span> <span class='ocrx_word' id='word_1_48' title='bbox 781 1249 913 1308; x_wconf 85' lang='lat' dir='ltr'><strong>fraterno</strong></span> <span class='ocrx_word' id='word_1_49' title='bbox 925 1248 1115 1330; x_wconf 78' lang='lat' dir='ltr'><strong>gratulentur</strong></span> <span class='ocrx_word' id='word_1_50' title='bbox 1125 1271 1179 1312; x_wconf 93' lang='lat' dir='ltr'><strong>no-</strong></span> 
     </span>
     <span class='ocr_line' id='line_1_8' title="bbox 191 1349 1178 1436; baseline 0.004 -24"><span class='ocrx_word' id='word_1_51' title='bbox 191 1353 292 1414; x_wconf 86' lang='lat' dir='ltr'><strong>mine.</strong></span> <span class='ocrx_word' id='word_1_52' title='bbox 310 1349 415 1413; x_wconf 88' lang='lat' dir='ltr'><strong>Potest</strong></span> <span class='ocrx_word' id='word_1_53' title='bbox 432 1351 513 1414; x_wconf 90' lang='lat' dir='ltr'><strong>idem</strong></span> <span class='ocrx_word' id='word_1_54' title='bbox 533 1365 563 1412; x_wconf 90' lang='lat' dir='ltr'><strong>et</strong></span> <span class='ocrx_word' id='word_1_55' title='bbox 585 1350 646 1412; x_wconf 88' lang='lat' dir='ltr'><strong>alio</strong></span> <span class='ocrx_word' id='word_1_56' title='bbox 671 1350 765 1413; x_wconf 90' lang='lat' dir='ltr'><strong>modo</strong></span> <span class='ocrx_word' id='word_1_57' title='bbox 789 1352 938 1413; x_wconf 83' lang='lat' dir='ltr'><strong>efficacior</strong></span> <span class='ocrx_word' id='word_1_58' title='bbox 962 1351 1178 1436; x_wconf 83' lang='lat' dir='ltr'><strong>lubentiorque</strong></span> 
     </span>
     <span class='ocr_line' id='line_1_9' title="bbox 190 1455 1177 1540; baseline 0.004 -24"><span class='ocrx_word' id='word_1_59' title='bbox 190 1455 323 1517; x_wconf 76' lang='lat' dir='ltr'><strong>sortasse</strong></span> <span class='ocrx_word' id='word_1_60' title='bbox 337 1455 490 1540; x_wconf 72' lang='lat' dir='ltr'><strong>aliquibus</strong></span> <span class='ocrx_word' id='word_1_61' title='bbox 499 1457 564 1517; x_wconf 88' lang='lat' dir='ltr'><strong>lieri</strong></span> <span class='ocrx_word' id='word_1_62' title='bbox 578 1501 587 1532; x_wconf 92' lang='lat'>‚</span> <span class='ocrx_word' id='word_1_63' title='bbox 602 1477 664 1538; x_wconf 92' lang='lat' dir='ltr'><strong>quo</strong></span> <span class='ocrx_word' id='word_1_64' title='bbox 678 1459 808 1538; x_wconf 88' lang='lat' dir='ltr'><strong>quisque</strong></span> <span class='ocrx_word' id='word_1_65' title='bbox 822 1459 963 1537; x_wconf 81' lang='lat' dir='ltr'><strong>projectis</strong></span> <span class='ocrx_word' id='word_1_66' title='bbox 986 1457 1084 1518; x_wconf 87' lang='lat' dir='ltr'><strong>trihus</strong></span> <span class='ocrx_word' id='word_1_67' title='bbox 1107 1471 1177 1520; x_wconf 85' lang='lat' dir='ltr'><strong>tan-</strong></span> 
     </span>
     <span class='ocr_line' id='line_1_10' title="bbox 187 1558 1177 1636; baseline 0.001 -15"><span class='ocrx_word' id='word_1_68' title='bbox 187 1558 356 1621; x_wconf 79' lang='lat' dir='ltr'><strong>nunmodo</strong></span> <span class='ocrx_word' id='word_1_69' title='bbox 370 1561 510 1636; x_wconf 88' lang='lat' dir='ltr'><strong>tesseris,</strong></span> <span class='ocrx_word' id='word_1_70' title='bbox 524 1581 588 1622; x_wconf 91' lang='lat' dir='ltr'><strong>non</strong></span> <span class='ocrx_word' id='word_1_71' title='bbox 600 1558 640 1621; x_wconf 88' lang='lat' dir='ltr'><strong>ad</strong></span> <span class='ocrx_word' id='word_1_72' title='bbox 654 1561 718 1624; x_wconf 83' lang='lat' dir='ltr'><strong>vim</strong></span> <span class='ocrx_word' id='word_1_73' title='bbox 733 1559 955 1622; x_wconf 88' lang='lat' dir='ltr'><strong>elementorum</strong></span> <span class='ocrx_word' id='word_1_74' title='bbox 969 1560 1022 1623; x_wconf 91' lang='lat' dir='ltr'><strong>sed</strong></span> <span class='ocrx_word' id='word_1_75' title='bbox 1036 1561 1076 1622; x_wconf 86' lang='lat' dir='ltr'><strong>ad</strong></span> <span class='ocrx_word' id='word_1_76' title='bbox 1089 1583 1177 1622; x_wconf 87' lang='lat' dir='ltr'><strong>surn-</strong></span> 
     </span>
     <span class='ocr_line' id='line_1_11' title="bbox 189 1662 1178 1747; baseline 0.003 -23"><span class='ocrx_word' id='word_1_77' title='bbox 189 1685 277 1724; x_wconf 84' lang='lat' dir='ltr'><strong>mem</strong></span> <span class='ocrx_word' id='word_1_78' title='bbox 291 1662 385 1724; x_wconf 90' lang='lat' dir='ltr'><strong>simul</strong></span> <span class='ocrx_word' id='word_1_79' title='bbox 397 1663 537 1725; x_wconf 78' lang='lat' dir='ltr'><strong>mllatm</strong></span> <span class='ocrx_word' id='word_1_80' title='bbox 547 1666 730 1745; x_wconf 84' lang='lat' dir='ltr'><strong>respiciens,</strong></span> <span class='ocrx_word' id='word_1_81' title='bbox 746 1677 897 1746; x_wconf 86' lang='lat' dir='ltr'><strong>quotquot</strong></span> <span class='ocrx_word' id='word_1_82' title='bbox 907 1664 960 1725; x_wconf 82' lang='lat' dir='ltr'><strong>tali</strong></span> <span class='ocrx_word' id='word_1_83' title='bbox 971 1668 1132 1747; x_wconf 85' lang='lat' dir='ltr'><strong>repererit,</strong></span> <span class='ocrx_word' id='word_1_84' title='bbox 1141 1679 1178 1728; x_wconf 91' lang='lat' dir='ltr'><strong>ut</strong></span> 
     </span>
     <span class='ocr_line' id='line_1_12' title="bbox 191 1768 1176 1853; baseline 0.005 -24"><span class='ocrx_word' id='word_1_85' title='bbox 191 1768 386 1852; x_wconf 69' lang='lat' dir='ltr'><strong>prelibatum</strong></span> <span class='ocrx_word' id='word_1_86' title='bbox 397 1781 452 1850; x_wconf 86' lang='lat' dir='ltr'><strong>est,</strong></span> <span class='ocrx_word' id='word_1_87' title='bbox 468 1790 596 1832; x_wconf 87' lang='lat' dir='ltr'><strong>nurnero</strong></span> <span class='ocrx_word' id='word_1_88' title='bbox 610 1769 777 1850; x_wconf 86' lang='lat' dir='ltr'><strong>redimitas,</strong></span> <span class='ocrx_word' id='word_1_89' title='bbox 788 1769 968 1853; x_wconf 79' lang='lat' dir='ltr'><strong>gloriabitur</strong></span> <span class='ocrx_word' id='word_1_90' title='bbox 980 1791 1011 1832; x_wconf 86' lang='lat' dir='ltr'><strong>se</strong></span> <span class='ocrx_word' id='word_1_91' title='bbox 1022 1769 1176 1851; x_wconf 85' lang='lat' dir='ltr'><strong>possidere</strong></span> 
     </span>
     <span class='ocr_line' id='line_1_13' title="bbox 192 1875 329 1937; baseline -0.022 0"><span class='ocrx_word' id='word_1_92' title='bbox 192 1875 329 1937; x_wconf 74' lang='lat' dir='ltr'><strong>virtutes.</strong></span> 
     </span>
    </p>

    <p class='ocr_par' dir='ltr' id='par_1_3' title="bbox 191 2001 1180 3134">
     <span class='ocr_line' id='line_1_14' title="bbox 235 2001 1179 2088; baseline 0.004 -25"><span class='ocrx_word' id='word_1_93' title='bbox 235 2001 306 2064; x_wconf 69' lang='lat' dir='ltr'><strong>Haec</strong></span> <span class='ocrx_word' id='word_1_94' title='bbox 319 2003 419 2065; x_wconf 89' lang='lat' dir='ltr'><strong>taliter</strong></span> <span class='ocrx_word' id='word_1_95' title='bbox 429 2003 498 2084; x_wconf 91' lang='lat' dir='ltr'><strong>tibi,</strong></span> <span class='ocrx_word' id='word_1_96' title='bbox 509 2003 616 2082; x_wconf 88' lang='lat' dir='ltr'><strong>lector,</strong></span> <span class='ocrx_word' id='word_1_97' title='bbox 628 2011 840 2088; x_wconf 85' lang='lat' dir='ltr'><strong>proponimus,</strong></span> <span class='ocrx_word' id='word_1_98' title='bbox 849 2017 885 2068; x_wconf 90' lang='lat' dir='ltr'><strong>ut</strong></span> <span class='ocrx_word' id='word_1_99' title='bbox 891 2011 915 2068; x_wconf 90' lang='lat' dir='ltr'><strong>si</strong></span> <span class='ocrx_word' id='word_1_100' title='bbox 924 2005 1000 2088; x_wconf 93' lang='lat' dir='ltr'><strong>quid</strong></span> <span class='ocrx_word' id='word_1_101' title='bbox 1011 2006 1103 2088; x_wconf 76' lang='lat' dir='ltr'><strong>stylus</strong></span> <span class='ocrx_word' id='word_1_102' title='bbox 1111 2008 1179 2067; x_wconf 85' lang='lat' dir='ltr'><strong>exi-</strong></span> 
     </span>
     <span class='ocr_line' id='line_1_15' title="bbox 195 2108 1180 2192; baseline 0.002 -24"><span class='ocrx_word' id='word_1_103' title='bbox 195 2111 242 2192; x_wconf 76' lang='lat' dir='ltr'><strong>git</strong></span> <span class='ocrx_word' id='word_1_104' title='bbox 254 2154 263 2184; x_wconf 99' lang='lat'><strong>,</strong></span> <span class='ocrx_word' id='word_1_105' title='bbox 276 2109 389 2172; x_wconf 87' lang='lat' dir='ltr'><strong>utiliter</strong></span> <span class='ocrx_word' id='word_1_106' title='bbox 403 2121 565 2186; x_wconf 91' lang='lat' dir='ltr'><strong>annectas,</strong></span> <span class='ocrx_word' id='word_1_107' title='bbox 579 2123 632 2170; x_wconf 89' lang='lat' dir='ltr'><strong>aut</strong></span> <span class='ocrx_word' id='word_1_108' title='bbox 647 2109 824 2191; x_wconf 81' lang='lat' dir='ltr'><strong>corrigendo</strong></span> <span class='ocrx_word' id='word_1_109' title='bbox 839 2109 980 2170; x_wconf 83' lang='lat' dir='ltr'><strong>detrahas</strong></span> <span class='ocrx_word' id='word_1_110' title='bbox 994 2135 1001 2181; x_wconf 89' lang='lat'>;</span> <span class='ocrx_word' id='word_1_111' title='bbox 1027 2108 1107 2170; x_wconf 90' lang='lat' dir='ltr'><strong>nihil</strong></span> <span class='ocrx_word' id='word_1_112' title='bbox 1130 2123 1180 2170; x_wconf 84' lang='lat' dir='ltr'><strong>ta-</strong></span> 
     </span>
     <span class='ocr_line' id='line_1_16' title="bbox 196 2210 1180 2296; baseline 0 -21"><span class='ocrx_word' id='word_1_113' title='bbox 196 2233 272 2275; x_wconf 87' lang='lat' dir='ltr'><strong>men</strong></span> <span class='ocrx_word' id='word_1_114' title='bbox 290 2213 486 2296; x_wconf 78' lang='lat' dir='ltr'><strong>blasphemie</strong></span> <span class='ocrx_word' id='word_1_115' title='bbox 501 2213 632 2274; x_wconf 82' lang='lat' dir='ltr'><strong>inieras:</strong></span> <span class='ocrx_word' id='word_1_116' title='bbox 649 2225 679 2273; x_wconf 89' lang='lat' dir='ltr'><strong>et</strong></span> <span class='ocrx_word' id='word_1_117' title='bbox 693 2215 718 2273; x_wconf 90' lang='lat' dir='ltr'><strong>si</strong></span> <span class='ocrx_word' id='word_1_118' title='bbox 731 2210 857 2274; x_wconf 84' lang='lat' dir='ltr'><strong>laudare</strong></span> <span class='ocrx_word' id='word_1_119' title='bbox 872 2211 1027 2290; x_wconf 89' lang='lat' dir='ltr'><strong>nolueris,</strong></span> <span class='ocrx_word' id='word_1_120' title='bbox 1050 2235 1089 2276; x_wconf 90' lang='lat' dir='ltr'><strong>ne</strong></span> <span class='ocrx_word' id='word_1_121' title='bbox 1112 2213 1180 2275; x_wconf 89' lang='lat' dir='ltr'><strong>dis-</strong></span> 
     </span>
     <span class='ocr_line' id='line_1_17' title="bbox 193 2317 1177 2403; baseline -0.001 -22"><span class='ocrx_word' id='word_1_122' title='bbox 193 2317 314 2400; x_wconf 78' lang='lat' dir='ltr'><strong>perdas.</strong></span> <span class='ocrx_word' id='word_1_123' title='bbox 336 2317 427 2397; x_wconf 83' lang='lat' dir='ltr'><strong>Quod</strong></span> <span class='ocrx_word' id='word_1_124' title='bbox 440 2322 466 2381; x_wconf 88' lang='lat' dir='ltr'><strong>si</strong></span> <span class='ocrx_word' id='word_1_125' title='bbox 479 2318 572 2380; x_wconf 86' lang='lat' dir='ltr'><strong>ludus</strong></span> <span class='ocrx_word' id='word_1_126' title='bbox 585 2318 720 2394; x_wconf 83' lang='lat' dir='ltr'><strong>vilescit,</strong></span> <span class='ocrx_word' id='word_1_127' title='bbox 735 2331 789 2379; x_wconf 88' lang='lat' dir='ltr'><strong>aut</strong></span> <span class='ocrx_word' id='word_1_128' title='bbox 808 2321 912 2380; x_wconf 90' lang='lat' dir='ltr'><strong>animo</strong></span> <span class='ocrx_word' id='word_1_129' title='bbox 927 2317 1051 2382; x_wconf 79' lang='lat' dir='ltr'><strong>tedium</strong></span> <span class='ocrx_word' id='word_1_130' title='bbox 1065 2322 1177 2403; x_wconf 78' lang='lat' dir='ltr'><strong>gignit,</strong></span> 
     </span>
     <span class='ocr_line' id='line_1_18' title="bbox 195 2421 1179 2510; baseline -0.001 -22"><span class='ocrx_word' id='word_1_131' title='bbox 195 2422 304 2488; x_wconf 76' lang='lat' dir='ltr'><strong>saltem</strong></span> <span class='ocrx_word' id='word_1_132' title='bbox 317 2445 518 2486; x_wconf 89' lang='lat' dir='ltr'><strong>numerorum</strong></span> <span class='ocrx_word' id='word_1_133' title='bbox 526 2421 609 2486; x_wconf 90' lang='lat' dir='ltr'><strong>utilis</strong></span> <span class='ocrx_word' id='word_1_134' title='bbox 622 2427 783 2506; x_wconf 89' lang='lat' dir='ltr'><strong>coaptatio,</strong></span> <span class='ocrx_word' id='word_1_135' title='bbox 801 2426 1011 2506; x_wconf 75' lang='lat' dir='ltr'><strong>virtutumque</strong></span> <span class='ocrx_word' id='word_1_136' title='bbox 1020 2424 1179 2510; x_wconf 75' lang='lat' dir='ltr'><strong>diligibilis</strong></span> 
     </span>
     <span class='ocr_line' id='line_1_19' title="bbox 193 2529 1179 2612; baseline 0.002 -22"><span class='ocrx_word' id='word_1_137' title='bbox 193 2531 377 2612; x_wconf 66' lang='lat' dir='ltr'><strong>inquisitio,</strong></span> <span class='ocrx_word' id='word_1_138' title='bbox 390 2551 446 2592; x_wconf 86' lang='lat' dir='ltr'><strong>neo</strong></span> <span class='ocrx_word' id='word_1_139' title='bbox 466 2529 562 2590; x_wconf 90' lang='lat' dir='ltr'><strong>otiosa</strong></span> <span class='ocrx_word' id='word_1_140' title='bbox 573 2531 745 2590; x_wconf 83' lang='lat' dir='ltr'><strong>exercitatio</strong></span> <span class='ocrx_word' id='word_1_141' title='bbox 760 2541 894 2591; x_wconf 89' lang='lat' dir='ltr'><strong>mentem</strong></span> <span class='ocrx_word' id='word_1_142' title='bbox 907 2529 947 2592; x_wconf 87' lang='lat' dir='ltr'><strong>ad</strong></span> <span class='ocrx_word' id='word_1_143' title='bbox 961 2551 1032 2592; x_wconf 88' lang='lat' dir='ltr'><strong>eum</strong></span> <span class='ocrx_word' id='word_1_144' title='bbox 1050 2552 1179 2592; x_wconf 88' lang='lat' dir='ltr'><strong>conver·-</strong></span> 
     </span>
     <span class='ocr_line' id='line_1_20' title="bbox 191 2634 1178 2720; baseline 0.005 -25"><span class='ocrx_word' id='word_1_145' title='bbox 191 2646 281 2710; x_wconf 87' lang='lat' dir='ltr'><strong>tant,</strong></span> <span class='ocrx_word' id='word_1_146' title='bbox 299 2648 333 2694; x_wconf 89' lang='lat' dir='ltr'><strong>ut</strong></span> <span class='ocrx_word' id='word_1_147' title='bbox 347 2634 508 2696; x_wconf 87' lang='lat' dir='ltr'><strong>collatione</strong></span> <span class='ocrx_word' id='word_1_148' title='bbox 522 2654 721 2698; x_wconf 88' lang='lat' dir='ltr'><strong>numerorum</strong></span> <span class='ocrx_word' id='word_1_149' title='bbox 750 2637 943 2711; x_wconf 86' lang='lat' dir='ltr'><strong>exerciteris,</strong></span> <span class='ocrx_word' id='word_1_150' title='bbox 968 2638 1178 2720; x_wconf 82' lang='lat' dir='ltr'><strong>virtutumque</strong></span> 
     </span>
     <span class='ocr_line' id='line_1_21' title="bbox 193 2737 1179 2822; baseline 0 -22"><span class='ocrx_word' id='word_1_151' title='bbox 193 2737 322 2801; x_wconf 89' lang='lat' dir='ltr'><strong>cumulo</strong></span> <span class='ocrx_word' id='word_1_152' title='bbox 336 2739 503 2822; x_wconf 79' lang='lat' dir='ltr'><strong>gratuleris.</strong></span> <span class='ocrx_word' id='word_1_153' title='bbox 527 2737 563 2800; x_wconf 94' lang='lat' dir='ltr'><strong>In</strong></span> <span class='ocrx_word' id='word_1_154' title='bbox 584 2738 698 2820; x_wconf 88' lang='lat' dir='ltr'><strong>quibus</strong></span> <span class='ocrx_word' id='word_1_155' title='bbox 711 2737 928 2818; x_wconf 88' lang='lat' dir='ltr'><strong>adquirendis,</strong></span> <span class='ocrx_word' id='word_1_156' title='bbox 944 2743 967 2800; x_wconf 88' lang='lat' dir='ltr'><strong>si</strong></span> <span class='ocrx_word' id='word_1_157' title='bbox 979 2743 1101 2816; x_wconf 81' lang='lat' dir='ltr'><strong>vincas,</strong></span> <span class='ocrx_word' id='word_1_158' title='bbox 1118 2761 1179 2800; x_wconf 89' lang='lat' dir='ltr'><strong>non</strong></span> 
     </span>
     <span class='ocr_line' id='line_1_22' title="bbox 194 2840 1178 2920; baseline 0.001 -16"><span class='ocrx_word' id='word_1_159' title='bbox 194 2843 380 2906; x_wconf 83' lang='lat' dir='ltr'><strong>elationem:</strong></span> <span class='ocrx_word' id='word_1_160' title='bbox 396 2847 420 2904; x_wconf 91' lang='lat' dir='ltr'><strong>si</strong></span> <span class='ocrx_word' id='word_1_161' title='bbox 434 2847 563 2906; x_wconf 84' lang='lat' dir='ltr'><strong>vincaris</strong></span> <span class='ocrx_word' id='word_1_162' title='bbox 576 2889 584 2920; x_wconf 95' lang='lat'><strong>,</strong></span> <span class='ocrx_word' id='word_1_163' title='bbox 598 2865 661 2905; x_wconf 89' lang='lat' dir='ltr'><strong>non</strong></span> <span class='ocrx_word' id='word_1_164' title='bbox 675 2840 803 2902; x_wconf 82' lang='lat' dir='ltr'><strong>babebis</strong></span> <span class='ocrx_word' id='word_1_165' title='bbox 817 2843 1034 2904; x_wconf 82' lang='lat' dir='ltr'><strong>contusionem.</strong></span> <span class='ocrx_word' id='word_1_166' title='bbox 1048 2842 1080 2904; x_wconf 90' lang='lat' dir='ltr'><strong>Si</strong></span> <span class='ocrx_word' id='word_1_167' title='bbox 1095 2845 1178 2906; x_wconf 82' lang='lat' dir='ltr'><strong>enini</strong></span> 
     </span>
     <span class='ocr_line' id='line_1_23' title="bbox 194 2947 1179 3029; baseline 0.002 -20"><span class='ocrx_word' id='word_1_168' title='bbox 194 2949 301 3010; x_wconf 84' lang='lat' dir='ltr'><strong>minus</strong></span> <span class='ocrx_word' id='word_1_169' title='bbox 311 2948 438 3029; x_wconf 87' lang='lat' dir='ltr'><strong>adeptus</strong></span> <span class='ocrx_word' id='word_1_170' title='bbox 451 2949 559 3026; x_wconf 76' lang='lat' dir='ltr'><strong>fueris,</strong></span> <span class='ocrx_word' id='word_1_171' title='bbox 572 2948 716 3016; x_wconf 87' lang='lat' dir='ltr'><strong>obediens</strong></span> <span class='ocrx_word' id='word_1_172' title='bbox 730 2975 737 3020; x_wconf 70' lang='grc' dir='ltr'><strong>ς</strong></span> <span class='ocrx_word' id='word_1_173' title='bbox 752 2951 777 3011; x_wconf 88' lang='lat' dir='ltr'><strong>si</strong></span> <span class='ocrx_word' id='word_1_174' title='bbox 789 2948 869 3029; x_wconf 85' lang='lat' dir='ltr'><strong>plus,</strong></span> <span class='ocrx_word' id='word_1_175' title='bbox 882 2947 1074 3010; x_wconf 87' lang='lat' dir='ltr'><strong>obedientem</strong></span> <span class='ocrx_word' id='word_1_176' title='bbox 1085 2947 1179 3011; x_wconf 86' lang='lat' dir='ltr'><strong>debes</strong></span> 
     </span>
     <span class='ocr_line' id='line_1_24' title="bbox 194 3049 1175 3134; baseline -0.001 -18"><span class='ocrx_word' id='word_1_177' title='bbox 194 3073 263 3116; x_wconf 84' lang='lat' dir='ltr'><strong>esse</strong></span> <span class='ocrx_word' id='word_1_178' title='bbox 277 3051 415 3134; x_wconf 74' lang='lat' dir='ltr'><strong>diligens.</strong></span> <span class='ocrx_word' id='word_1_179' title='bbox 428 3051 579 3114; x_wconf 88' lang='lat' dir='ltr'><strong>Omnibus</strong></span> <span class='ocrx_word' id='word_1_180' title='bbox 592 3049 647 3114; x_wconf 89' lang='lat' dir='ltr'><strong>bas</strong></span> <span class='ocrx_word' id='word_1_181' title='bbox 661 3055 693 3112; x_wconf 89' lang='lat' dir='ltr'><strong>in</strong></span> <span class='ocrx_word' id='word_1_182' title='bbox 702 3051 822 3134; x_wconf 82' lang='lat' dir='ltr'><strong>Christo</strong></span> <span class='ocrx_word' id='word_1_183' title='bbox 831 3056 958 3114; x_wconf 89' lang='lat' dir='ltr'><strong>virtutes</strong></span> <span class='ocrx_word' id='word_1_184' title='bbox 974 3053 1175 3131; x_wconf 87' lang='lat' dir='ltr'><strong>sectantibus,</strong></span> 
     </span>
    </p>
   </div>
   <div class='ocr_carea' id='block_1_3' title="bbox 193 3158 1175 3326">
    <p class='ocr_par' dir='ltr' id='par_1_4' title="bbox 193 3158 1175 3326">
     <span class='ocr_line' id='line_1_25' title="bbox 193 3158 1175 3240; baseline -0.004 -18"><span class='ocrx_word' id='word_1_185' title='bbox 193 3171 271 3222; x_wconf 79' lang='lat' dir='ltr'><strong>ectu</strong></span> <span class='ocrx_word' id='word_1_186' title='bbox 283 3171 314 3220; x_wconf 91' lang='lat' dir='ltr'><strong>et</strong></span> <span class='ocrx_word' id='word_1_187' title='bbox 325 3159 461 3222; x_wconf 89' lang='lat' dir='ltr'><strong>moribus</strong></span> <span class='ocrx_word' id='word_1_188' title='bbox 473 3158 695 3236; x_wconf 86' lang='lat' dir='ltr'><strong>recolentibus,</strong></span> <span class='ocrx_word' id='word_1_189' title='bbox 709 3159 747 3218; x_wconf 86' lang='lat' dir='ltr'><strong>sit</strong></span> <span class='ocrx_word' id='word_1_190' title='bbox 760 3161 855 3238; x_wconf 80' lang='lat' dir='ltr'><strong>gratia</strong></span> <span class='ocrx_word' id='word_1_191' title='bbox 869 3169 899 3219; x_wconf 85' lang='lat' dir='ltr'><strong>et</strong></span> <span class='ocrx_word' id='word_1_192' title='bbox 907 3178 967 3240; x_wconf 81' lang='lat' dir='ltr'><strong>pax</strong></span> <span class='ocrx_word' id='word_1_193' title='bbox 977 3160 1010 3220; x_wconf 92' lang='lat' dir='ltr'><strong>in</strong></span> <span class='ocrx_word' id='word_1_194' title='bbox 1020 3171 1175 3222; x_wconf 80' lang='lat' dir='ltr'><strong>eternum.</strong></span> 
     </span>
     <span class='ocr_line' id='line_1_26' title="bbox 196 3263 376 3326; baseline -0.011 0"><span class='ocrx_word' id='word_1_195' title='bbox 196 3263 310 3326; x_wconf 75' lang='lat' dir='ltr'><strong>Amen.</strong></span> <span class='ocrx_word' id='word_1_196' title='bbox 374 3265 376 3272; x_wconf 79' lang='grc'>’</span> 
     </span>
    </p>
   </div>
   <div class='ocr_carea' id='block_1_4' title="bbox 318 3434 1069 4150">
    <p class='ocr_par' dir='ltr' id='par_1_5' title="bbox 319 3434 893 3506">
     <span class='ocr_line' id='line_1_27' title="bbox 319 3434 893 3506; baseline -0.019 -12"><span class='ocrx_word' id='word_1_197' title='bbox 319 3447 416 3494; x_wconf 70' lang='lat' dir='ltr'><strong>mom</strong></span> <span class='ocrx_word' id='word_1_198' title='bbox 428 3437 564 3492; x_wconf 75' lang='lat' dir='ltr'><strong>dactilicis</strong></span> <span class='ocrx_word' id='word_1_199' title='bbox 576 3439 673 3490; x_wconf 75' lang='lat' dir='ltr'><strong>setosis</strong></span> <span class='ocrx_word' id='word_1_200' title='bbox 685 3436 814 3506; x_wconf 67' lang='lat' dir='ltr'><strong>queritur</strong></span> <span class='ocrx_word' id='word_1_201' title='bbox 826 3434 893 3504; x_wconf 87' lang='lat' dir='ltr'><strong>ipsis</strong></span> 
     </span>
    </p>

    <p class='ocr_par' dir='ltr' id='par_1_6' title="bbox 318 3525 1069 3966">
     <span class='ocr_line' id='line_1_28' title="bbox 318 3525 1069 3600; baseline -0.012 -16"><span class='ocrx_word' id='word_1_202' title='bbox 318 3533 349 3584; x_wconf 70' lang='lat' dir='ltr'><strong>si</strong></span> <span class='ocrx_word' id='word_1_203' title='bbox 360 3533 492 3582; x_wconf 75' lang='lat' dir='ltr'><strong>numeris?</strong></span> <span class='ocrx_word' id='word_1_204' title='bbox 503 3531 615 3600; x_wconf 80' lang='lat' dir='ltr'><strong>primam</strong></span> <span class='ocrx_word' id='word_1_205' title='bbox 625 3530 724 3580; x_wconf 78' lang='lat' dir='ltr'><strong>iaciunt</strong></span> <span class='ocrx_word' id='word_1_206' title='bbox 733 3563 742 3587; x_wconf 92' lang='lat'><strong>,</strong></span> <span class='ocrx_word' id='word_1_207' title='bbox 752 3529 900 3597; x_wconf 74' lang='lat' dir='ltr'><strong>apicemque</strong></span> <span class='ocrx_word' id='word_1_208' title='bbox 913 3525 1069 3588; x_wconf 75' lang='lat' dir='ltr'><strong>muudum,</strong></span> 
     </span>
     <span class='ocr_line' id='line_1_29' title="bbox 318 3618 960 3694; baseline -0.011 -20"><span class='ocrx_word' id='word_1_209' title='bbox 318 3627 491 3694; x_wconf 74' lang='lat' dir='ltr'><strong>Octaviamque</strong></span> <span class='ocrx_word' id='word_1_210' title='bbox 503 3623 591 3672; x_wconf 84' lang='lat' dir='ltr'><strong>decern</strong></span> <span class='ocrx_word' id='word_1_211' title='bbox 601 3619 644 3671; x_wconf 83' lang='lat' dir='ltr'><strong>bis</strong></span> <span class='ocrx_word' id='word_1_212' title='bbox 656 3619 739 3678; x_wconf 87' lang='lat' dir='ltr'><strong>ducti,</strong></span> <span class='ocrx_word' id='word_1_213' title='bbox 752 3621 841 3688; x_wconf 82' lang='lat' dir='ltr'><strong>sicque</strong></span> <span class='ocrx_word' id='word_1_214' title='bbox 853 3618 960 3670; x_wconf 75' lang='lat' dir='ltr'><strong>amenis</strong></span> 
     </span>
     <span class='ocr_line' id='line_1_30' title="bbox 319 3708 975 3781; baseline -0.003 -19"><span class='ocrx_word' id='word_1_215' title='bbox 319 3715 426 3765; x_wconf 80' lang='lat' dir='ltr'><strong>Tertius</strong></span> <span class='ocrx_word' id='word_1_216' title='bbox 439 3713 585 3781; x_wconf 72' lang='lat' dir='ltr'><strong>ingeritur,</strong></span> <span class='ocrx_word' id='word_1_217' title='bbox 598 3717 705 3781; x_wconf 78' lang='lat' dir='ltr'><strong>qucrtm</strong></span> <span class='ocrx_word' id='word_1_218' title='bbox 717 3709 779 3760; x_wconf 84' lang='lat' dir='ltr'><strong>hine</strong></span> <span class='ocrx_word' id='word_1_219' title='bbox 791 3726 847 3760; x_wconf 85' lang='lat' dir='ltr'><strong>esse</strong></span> <span class='ocrx_word' id='word_1_220' title='bbox 859 3708 975 3770; x_wconf 83' lang='lat' dir='ltr'><strong>duobus,</strong></span> 
     </span>
     <span class='ocr_line' id='line_1_31' title="bbox 318 3803 1000 3874; baseline -0.007 -17"><span class='ocrx_word' id='word_1_221' title='bbox 318 3811 446 3870; x_wconf 76' lang='lat' dir='ltr'><strong>Quattuor</strong></span> <span class='ocrx_word' id='word_1_222' title='bbox 460 3809 488 3856; x_wconf 83' lang='lat' dir='ltr'><strong>et</strong></span> <span class='ocrx_word' id='word_1_223' title='bbox 499 3805 574 3855; x_wconf 86' lang='lat' dir='ltr'><strong>denis</strong></span> <span class='ocrx_word' id='word_1_224' title='bbox 586 3806 710 3874; x_wconf 84' lang='lat' dir='ltr'><strong>quintus,</strong></span> <span class='ocrx_word' id='word_1_225' title='bbox 724 3818 783 3852; x_wconf 78' lang='lat' dir='ltr'><strong>mox</strong></span> <span class='ocrx_word' id='word_1_226' title='bbox 794 3803 904 3870; x_wconf 86' lang='lat' dir='ltr'><strong>denique</strong></span> <span class='ocrx_word' id='word_1_227' title='bbox 914 3807 1000 3854; x_wconf 81' lang='lat' dir='ltr'><strong>sertus</strong></span> 
     </span>
     <span class='ocr_line' id='line_1_32' title="bbox 319 3895 933 3966; baseline -0.013 -14"><span class='ocrx_word' id='word_1_228' title='bbox 319 3899 435 3952; x_wconf 79' lang='lat' dir='ltr'><strong>Undenis</strong></span> <span class='ocrx_word' id='word_1_229' title='bbox 445 3898 544 3966; x_wconf 72' lang='lat' dir='ltr'><strong>legitor</strong></span> <span class='ocrx_word' id='word_1_230' title='bbox 553 3933 561 3957; x_wconf 92' lang='lat'><strong>,</strong></span> <span class='ocrx_word' id='word_1_231' title='bbox 570 3895 612 3948; x_wconf 81' lang='lat' dir='ltr'><strong>bis</strong></span> <span class='ocrx_word' id='word_1_232' title='bbox 623 3896 695 3958; x_wconf 81' lang='lat' dir='ltr'><strong>binis</strong></span> <span class='ocrx_word' id='word_1_233' title='bbox 704 3897 842 3966; x_wconf 82' lang='lat' dir='ltr'><strong>septimus,</strong></span> <span class='ocrx_word' id='word_1_234' title='bbox 856 3899 933 3964; x_wconf 78' lang='lat' dir='ltr'><strong>etque</strong></span> 
     </span>
    </p>

    <p class='ocr_par' dir='ltr' id='par_1_7' title="bbox 318 3985 934 4044">
     <span class='ocr_line' id='line_1_33' title="bbox 318 3985 934 4044; baseline -0.01 -2"><span class='ocrx_word' id='word_1_235' title='bbox 318 3991 428 4044; x_wconf 74' lang='lat' dir='ltr'><strong>cintus</strong></span> <span class='ocrx_word' id='word_1_236' title='bbox 439 3991 468 4040; x_wconf 86' lang='lat' dir='ltr'><strong>in</strong></span> <span class='ocrx_word' id='word_1_237' title='bbox 479 3990 594 4042; x_wconf 80' lang='lat' dir='ltr'><strong>numeris</strong></span> <span class='ocrx_word' id='word_1_238' title='bbox 605 3993 647 4040; x_wconf 83' lang='lat' dir='ltr'><strong>ter</strong></span> <span class='ocrx_word' id='word_1_239' title='bbox 660 3989 728 4038; x_wconf 82' lang='lat' dir='ltr'><strong>senis</strong></span> <span class='ocrx_word' id='word_1_240' title='bbox 739 3987 848 4038; x_wconf 77' lang='lat' dir='ltr'><strong>ultimus</strong></span> <span class='ocrx_word' id='word_1_241' title='bbox 860 3985 934 4036; x_wconf 84' lang='lat' dir='ltr'><strong>ordo.</strong></span> 
     </span>
    </p>

    <p class='ocr_par' dir='ltr' id='par_1_8' title="bbox 320 4079 952 4150">
     <span class='ocr_line' id='line_1_34' title="bbox 320 4079 952 4150; baseline -0.016 -13"><span class='ocrx_word' id='word_1_242' title='bbox 320 4083 402 4150; x_wconf 77' lang='lat' dir='ltr'><strong>Queis</strong></span> <span class='ocrx_word' id='word_1_243' title='bbox 413 4082 492 4138; x_wconf 77' lang='lat' dir='ltr'><strong>simul</strong></span> <span class='ocrx_word' id='word_1_244' title='bbox 504 4082 589 4135; x_wconf 77' lang='lat' dir='ltr'><strong>illatis</strong></span> <span class='ocrx_word' id='word_1_245' title='bbox 601 4079 717 4134; x_wconf 77' lang='lat' dir='ltr'><strong>theorice</strong></span> <span class='ocrx_word' id='word_1_246' title='bbox 729 4095 826 4134; x_wconf 74' lang='lat' dir='ltr'><strong>semna</strong></span> <span class='ocrx_word' id='word_1_247' title='bbox 834 4079 952 4131; x_wconf 74' lang='lat' dir='ltr'><strong>meretur</strong></span> 
     </span>
    </p>
   </div>
   <div class='ocr_carea' id='block_1_5' title="bbox 0 0 1526 4968">
    <p class='ocr_par' dir='ltr' id='par_1_9' title="bbox 0 0 1526 4968">
     <span class='ocr_line' id='line_1_35' title="bbox 0 0 1526 4968; baseline 0 1"><span class='ocrx_word' id='word_1_248' title='bbox 0 0 1526 4968; x_wconf 95' lang='lat' dir='ltr'><strong> </strong></span> 
     </span>
    </p>
   </div>
  </div>
 </body>
</html>
