2932 4974
449 555 544 602 lim
558 555 734 605 OEGU'NWS.
1026 545 1080 602 ΞΗ

104 719 220 818 igitur
232 717 353 812 loeus,
368 723 893 818 utpotenoriterinstructus‚¹
910 745 954 794 ex
979 722 1084 792 omni
1121 759 1124 765 ·

104 841 324 916 sufficientia
349 839 477 932 floret,
508 857 546 914 et
572 857 694 918 tamen
715 857 805 918 esset
822 833 1083 946 cheriem-nisi

103 961 237 1035 crebro
250 960 379 1034 hostili
400 963 609 1036 incursione
631 978 864 1064 quateretur,
886 961 990 1062 quod
1009 987 1085 1036 ma·

102 1085 203 1156 xime
216 1083 264 1157 ab
281 1084 441 1155 inimicis
452 1084 521 1157 Dei
535 1087 695 1184 patitur,
719 1111 789 1186 pro
805 1085 1003 1158 stabilitate
1025 1109 1086 1158 re-

102 1208 169 1304 gni
199 1220 236 1278 et
262 1202 439 1278 fidelitate
467 1209 712 1307 imperatoris.
736 1212 956 1308 Repetamus
975 1209 1086 1280 etiam

101 1327 255 1420 locum,
273 1351 386 1426 quem
399 1327 531 1401 relictis
545 1329 698 1429 quidem
713 1335 752 1404 in
768 1331 854 1406 Alto
870 1333 997 1404 Monte
1012 1329 1085 1403 fra·

102 1449 249 1543 tribus,
281 1452 465 1550 expetiisse
487 1454 527 1522 B.
561 1453 798 1530 Vincentium
831 1452 1084 1554 praediximus.

102 1574 177 1646 Hic
205 1571 369 1670 profecto
394 1573 441 1644 ab
466 1575 596 1648 incolis
624 1579 799 1676 sungeias
831 1588 1086 1676 nuncupatur.

102 1695 179 1768 Ubi
197 1695 275 1794 ipse
287 1697 346 1768 vir
358 1694 511 1767 Domini
525 1721 548 1769 a
560 1697 767 1798 frequentia
781 1698 955 1800 populari
968 1722 1086 1770 remo·

106 1830 185 1910 tus,
203 1815 378 1888 fratribus
391 1819 553 1913 sociatis,
571 1825 838 1896 monasterium
852 1823 1001 1911 struxit,
1027 1821 1091 1894 ibi·

106 1963 202 2039 qne,
218 1939 349 2011 exactis
363 1935 475 2037 hujus
491 1942 577 2014 vitae
592 1943 759 2016 cursibus
775 1941 959 2032 faeliciter,
976 1941 1093 2040 sepul·

107 2073 277 2153 tus‚cum
285 2058 1088 2162 filiosuoLandrico‚Meldensi(¹)episcopo‚
1186 2117 1192 2124 .

106 2183 150 2254 in
166 2206 257 2282 pace
272 2183 441 2281 quiescit.

418 2397 581 2584 bap.
629 2457 827 2538 xxxn.

119 2715 374 2762 ΙΟΝΔΙΠΠῸῊΝ
385 2715 463 2757 LOCO
477 2715 626 2759 mmm·
648 2715 860 2760 mmmm!
876 2717 899 2757 fl.
915 2715 1075 2761 GUN'fflffl.

109 2893 242 3004 Aeon
258 2925 429 3000 Maslinas
452 2950 602 3026 quoque
622 2929 888 3002 monasterium
908 2942 961 3001 est
978 2953 1088 3004 cano·

112 3055 306 3141 nieorum,
323 3048 389 3122 ubi
407 3051 559 3148 quiescit
577 3053 757 3150 pretiosus
771 3051 840 3123 Dei
855 3064 996 3148 martyr
1009 3053 1091 3124 Ru·

113 3173 283 3264 meldas,
311 3195 444 3271 genere
466 3173 613 3265 scotus,
641 3175 707 3272 qui
726 3174 842 3245 vitam
864 3173 1091 3246 eremiticam

113 3295 272 3388 ducens,
291 3293 385 3366 inibi
401 3296 657 3390 martyrizatus
670 3307 737 3367 est.
761 3295 841 3364 Hoc
859 3305 982 3364 autem
1007 3319 1092 3366 mo-

113 3419 316 3492 nasterium
330 3413 378 3488 ab
392 3417 612 3514 antiquitate
625 3425 893 3506 constructum,
909 3413 1092 3512 regalibus

113 3540 375 3614 emolumentis
388 3540 546 3612 maxime
567 3549 842 3636 augmentatur.
864 3537 940 3611 Nee
958 3537 1092 3637 procul

114 3661 207 3738 hinc
229 3677 283 3736 est
309 3663 575 3736 monasterium
611 3663 895 3756 canonicorum,
926 3657 1029 3762 quod
1048 3684 1092 3734 ex

114 3787 277 3886 propriis
302 3782 451 3885 praediis
476 3786 534 3860 rir
560 3785 630 3858 Dei
656 3781 904 3879 Guntmarus‚
941 3783 1092 3856 illustris

150 4041 207 4108 (s)
226 4047 256 4092 o.
275 4037 400 4093 nuens.
888 4051 894 4064 ¹

882 4127 927 4198 sb
