2902 4972
450 568 494 614 nu
518 567 639 614 onnon.
671 566 766 613 nasu.
1040 557 1097 613 375

120 749 236 810 eatur.
255 734 374 807 Multa
393 732 440 820 de
456 735 536 834 ipso
553 731 733 824 concilio,
748 733 931 830 pluraque
945 729 992 804 de
1011 733 1097 831 ipsis

119 870 243 956 postea
256 859 510 954 contigerunt,
526 867 564 924 et
580 836 770 951 quomodo
783 879 912 928 eorum
927 857 1098 928 Camera-

120 981 234 1073 censis
261 980 382 1077 patria
410 977 564 1048 omnino
594 972 781 1048 devastata
802 989 839 1046 et
859 977 984 1048 civitas
1002 1001 1097 1074 pene

117 1099 229 1174 fuerit
242 1099 422 1192 desolata,
440 1099 607 1198 quamvis
619 1099 693 1171 sint
704 1095 909 1195 stupenda,
926 1099 1097 1195 praeteri-

118 1248 222 1316 mus,
242 1225 418 1322 quiajam
430 1220 590 1320 amplius
610 1219 690 1293 haee
708 1223 948 1294 rememorari
971 1245 1099 1319 super-

119 1343 242 1418 fluum
254 1369 330 1418 esse
347 1358 383 1416 et
395 1343 525 1414 inutile
540 1342 723 1416 ducimus.

170 1464 533 1538 Rumoldollemensi
543 1463 821 1564 archiepiscopo
834 1465 1009 1557 obeunte,
1019 1465 1097 1538 Ma-

120 1610 240 1662 nasses
253 1590 469 1686 praepositus
484 1581 660 1678 succedit,
670 1611 803 1685 parum
818 1585 967 1686 quidem
974 1585 1099 1659 litera·

122 1725 200 1804 tus,
216 1711 280 1786 sed
295 1711 533 1809 eleemosynis
547 1722 583 1784 et
596 1733 694 1782 curae
710 1735 917 1809 pauperum
935 1708 1096 1783 studiose

122 1831 285 1926 deditus,
313 1859 335 1905 a
358 1857 433 1932 quo
447 1830 680 1932 supradictus
703 1834 885 1906 Manassae
897 1833 937 1903 in
954 1833 1101 1931 episco-

121 1981 212 2055 pum
226 1969 279 2030 est
292 1954 496 2030 ordinatus.
1099 1967 1102 1975 '

133 2113 137 2118 ·
167 2085 278 2154 Auno
286 2105 417 2174 uxcvr,
433 2107 501 2181 per
511 2081 807 2158 admonitionem
815 2083 976 2183 saepefati
989 2106 1096 2182 papae

120 2201 281 2296 Urbani,
301 2203 509 2277 habitantes
524 2218 679 2299 terram,
695 2208 793 2279 viam
807 2205 1011 2279 Jerusaleni
1030 2229 1097 2302 ag·-

121 2325 224 2424 gredi
242 2341 450 2428 coeperunt,
470 2340 505 2400 et
522 2331 690 2428 usquein
708 2328 798 2403 fines
814 2329 912 2402 orbis
928 2341 1034 2400 terrae
1046 2353 1099 2400 so·

123 2449 1094 2552 uusetamoreundipercrebuit.Comites,priueipet,

122 2573 490 2674 nobiles,rulgusque
497 2578 696 2673 promiscui
711 2599 813 2650 sexus
823 2573 1093 2668 decertabant,

80 2767 83 2772 .
122 2708 296 2792 portenta
317 2709 354 2768 et
380 2698 482 2794 signa
501 2699 541 2769 iu
561 2699 656 2771 coelo
679 2723 715 2772 ee
738 2698 863 2772 videre
883 2698 990 2770 multi
1012 2723 1096 2770 asse-

122 2815 313 2891 rebant.lu
340 2845 415 2918 qua
446 2823 506 2894 via
536 2835 674 2921 quanta
695 2822 879 2920 pericula,
904 2835 996 2921 quot
1017 2845 1094 2893 cor-

123 2965 258 3038 porum
273 2942 509 3016 iuuommoda
520 2997 530 3032 ,
542 2959 698 3044 quantus
711 2945 842 3038 fames,
860 2959 999 3044 quauta
1010 2971 1098 3044 prae·

123 3063 184 3158 lia,
200 3067 358 3138 maxime
373 3067 411 3138 in
425 3065 619 3140 Antiochia
628 3068 861 3168 pertulerint;
872 3067 1094 3168 quolabore,

125 3187 259 3286 quibus
285 3192 461 3288 pressuris
490 3188 537 3261 ad
571 3191 798 3268 Hierusalem
831 3193 1092 3290 pervenerint,

124 3335 194 3410 qua
208 3325 307 3406 arte,
327 3339 402 3412 qua
425 3311 620 3404 industria,
642 3322 703 3386 xu⁰
716 3311 917 3386 obsidionis
935 3311 1013 3405 die,
1033 3317 1097 3386 in-

123 3436 276 3510 terfectis
290 3437 416 3510 multis
431 3435 595 3509 millibus
601 3439 985 3527 Sarracenorum,eam
994 3461 1097 3536 cepe·

122 3559 215 3654 rint,
234 3574 375 3659 quanto
391 3559 514 3634 studio
527 3559 767 3658 sepulchrum
783 3559 936 3632 Domini
956 3573 992 3632 et
1014 3561 1099 3635 loca

122 3697 243 3758 sancta
260 3682 543 3777 mundaverint,
563 3707 637 3755 uon
652 3697 705 3757 est
719 3695 887 3756 nostrum
908 3682 1097 3759 describe-

122 3829 178 3900 re,
201 3833 285 3908 quae
316 3809 430 3907 magis
457 3809 600 3908 proprii
624 3821 661 3879 et
681 3805 746 3878 lati
765 3805 901 3880 codicis
927 3807 1108 3904 indigent

122 3912 378 4029 inscriptione,
401 3934 622 4030 praesertim,
646 3957 732 4004 cum
752 3931 798 4006 de
819 3935 869 4004 eis
892 3947 927 4004 et
954 3933 1096 4004 cantica

121 4049 258 4153 ubique
286 4051 437 4148 diffusa,
465 4066 502 4128 et
525 4059 689 4131 carmina
714 4052 886 4156 quaedam
913 4051 1094 4154 descripta

122 4171 339 4253 habeantur.
