2932 4974
467 575 563 620 LIBER
580 575 729 622 'l'ss'l'lUS-
1017 522 1092 620 {ill

1040 667 1093 680 ῃ

111 741 278 836 antiquae
292 736 581 812 christianitatis.
601 739 636 808 Si
652 738 752 808 enim
773 737 866 808 tanti
887 737 958 808 viri
981 751 1094 840 genef

111 858 239 950 lieret,
257 883 361 958 spem
377 858 456 930 fore
468 860 588 956 pacis;
608 859 664 929 siu
687 871 832 946 autem,
856 847 1093 955 naufragium

110 984 258 1080 patriae.
274 984 369 1053 Item
387 981 501 1052 etiam
515 1003 635 1052 comes
648 977 801 1077 quidam
815 977 1020 1071 Ceramus,
1036 1006 1095 1054 se-

110 1101 286 1178 cundum
300 1101 508 1174 saecularem
516 1124 692 1201 pompam
705 1100 801 1172 male
814 1099 1011 1193 fastuosus,
1021 1088 1097 1200 ple·

109 1227 241 1324 risque
257 1222 452 1297 assultibus
469 1225 728 1322 imperatorem
743 1221 929 1296 irritabat:
952 1222 1095 1323 illique,

109 1347 225 1448 quasi
243 1345 353 1442 capiti
370 1356 406 1415 ct
421 1341 572 1414 domino
586 1345 755 1414 omnium
772 1342 971 1436 malorum,
988 1359 1096 1420 cunc·

109 1471 143 1540 ti
176 1465 329 1538 rebelles
362 1479 398 1538 et
431 1463 596 1538 infideles
632 1467 882 1564 imperatoris,
923 1467 1096 1566 subjecti,

110 1595 253 1664 cuncta
283 1587 378 1661 mala
406 1588 680 1688 perpetrabant.
711 1591 803 1682 Qui,
826 1603 954 1688 parata
978 1590 1100 1666 valida

111 1733 260 1802 manu,
292 1712 388 1783 circa
414 1710 587 1782 viciniam
615 1707 720 1783 ducis
747 1708 962 1804 Godefridi,
992 1712 1099 1786 illum

112 1829 271 1932 quidem
292 1833 484 1906 incautum
510 1836 713 1926 aestimans,
735 1829 897 1933 quadem
925 1832 985 1906 die
1013 1862 1099 1910 eum

114 1952 300 2030 incendiis
320 1969 358 2028 et
377 1953 716 2054 depraedationibus
743 1935 922 2028 desaevire
937 1963 1096 2034 accessit.

115 2083 167 2152 At
190 2077 310 2182 subito
328 2075 424 2170 dux,
443 2079 590 2150 nunciis
604 2079 800 2168 excitatus,
828 2077 986 2150 collectis
1008 2105 1100 2177 quos

114 2213 315 2298 praesentes
329 2197 511 2288 habebat,
527 2201 567 2270 iu
583 2195 760 2269 fidelitate
775 2199 1020 2295 imperatoris,
1036 2200 1100 2274 sed

114 2323 211 2396 etin
229 2321 299 2396 Dei
320 2320 516 2394 clementia
537 2318 641 2412 fisus,
666 2316 860 2392 adversum
881 2319 1023 2394 bostem
1044 2324 1101 2398 ic-

115 2457 197 2536 rat,
212 2443 428 2542 bellumque
442 2445 579 2535 iniens,
598 2439 765 2520 Gerardo
778 2441 917 2541 fugato,
937 2458 973 2516 et
986 2425 1099 2520 unico

117 2565 200 2638 filio
213 2563 408 2638 vulnerato
424 2579 545 2663 capto,
555 2561 792 2664 postmodum
806 2589 893 2637 vero
907 2564 1095 2662 defuneto,

118 2689 313 2765 victoriam
330 2685 484 2788 adeptus
500 2702 566 2760 est.
590 2690 681 2779 Quae
704 2713 812 2760 eausa
832 2687 982 2787 reliquis
1004 2691 1097 2762 infi-

119 2807 267 2886 delibus
282 2833 458 2908 maguum
475 2811 625 2882 incussit
638 2811 823 2900 timerem,
839 2833 882 2882 ac
898 2789 1027 2907 patiiae
1041 2814 1098 2883 in-

119 2933 208 3008 tulit
222 2933 323 3032 pacis
338 2944 374 3004 et
386 2931 519 3032 quietis
534 2930 851 3030 tranquillitatem.

455 3163 613 3345 cap.
651 3208 725 3282 a.

119 3439 239 3510 ιἰιιυι
256 3465 289 3508 ns
306 3465 406 3508 canc
430 3461 606 3508 noemma
627 3463 665 3504 nr
689 3459 747 3512 cro
766 3457 872 3504 erma,
886 3457 949 3500 ear.
974 3457 1028 3507 vn.
1042 3461 1091 3504 nn

138 3547 331 3588 unrm'ws
350 3547 446 3588 com
467 3543 585 3585 clcmu·
603 3539 757 3592 ruerem
773 3539 812 3580 AB
831 3537 870 3578 ΒΟ
890 3537 1090 3584 Rumam

138 3625 303 3675 uuum,
312 3625 386 3676 QUAS
399 3623 571 3665 nomem?
586 3623 605 3662 Α
621 3619 744 3662 'Olmiai
757 3617 818 3659 CW
832 3617 890 3670 QUA
903 3618 1000 3660 ΝΜΤΙ
1014 3621 1090 3673 PM.

137 3701 274 3744 aarum
288 3703 434 3744 mearam
448 3701 643 3744 comum.

111 3875 275 3986 Durine
301 3915 454 3986 veroin
482 3936 614 4012 campo
639 3908 845 3982 Floriuensi
871 3907 1009 3980 factum
1034 3919 1088 3976 est

109 4036 274 4128 bellurn,
292 4035 358 4108 ubi
372 4035 592 4108 Lantbertus
608 4057 727 4114 eomes
744 4056 877 4123 maus,
895 4028 1010 4100 finem
1031 4024 1088 4096 se-

873 4175 916 4242 17
