2932 4974
444 603 537 650 nnsn
562 598 734 651 srcrmnus.
1021 597 1079 655 2⁰9

103 773 141 840 in
164 795 282 868 prope
299 793 413 868 quarn
434 773 472 839 in
492 769 601 863 lenge
614 771 738 866 positis
751 771 961 865 regionibus
976 795 1078 844 cons·

103 906 234 965 tructae
260 907 373 981 sunt,
404 891 471 962 ubi
502 890 682 964 beneficia
711 891 922 987 petentibus
953 893 1081 966 divina
1189 911 1190 914 ’

101 1028 329 1114 praestantur
343 1052 355 1106 ·,
369 1026 409 1084 et
423 1012 469 1084 ad
486 1011 636 1084 laudem
650 1027 686 1083 et
701 1011 856 1108 gloriam
872 997 1082 1088 confessoris

54 1127 60 1137 ⁶
101 1139 323 1210 sanctissimi
342 1189 352 1226 ,
385 1136 502 1211 multa
540 1123 576 1206 et
610 1133 872 1208 inenarrabilia
899 1117 1085 1208 virtutum·

100 1259 297 1358 prodigia,
315 1247 439 1327 divina
453 1257 648 1328 clementia
663 1259 808 1356 operari
825 1241 1013 1352 dignatur.
1029 1261 1082 1330 Ea

100 1405 197 1452 vero
210 1403 295 1478 quae
310 1377 383 1450 hue
401 1393 464 1449 aut
483 1403 504 1449 a
526 1383 633 1450 certis
651 1364 869 1450 relatoribus
890 1383 1083 1478 contigisse

101 1503 330 1596 accepimus,
344 1513 410 1568 aut
423 1525 488 1570 nos
502 1501 714 1596 contingere
726 1483 870 1596 semper
883 1503 1085 1592 cernimus,

102 1619 264 1693 modum
278 1616 578 1718 prae'pluralitate
599 1618 798 1710 excedunt,
823 1617 892 1692 nec‘
912 1621 990 1692 ullo
1009 1648 1085 1695 nn-

104 1745 201 1814 meri
220 1745 379 1812 termino
392 1741 516 1814 claudi
539 1755 704 1839 possunt.
730 1743 785 1811 De
807 1743 943 1839 quibus
965 1747 1083 1817 maxi-

103 1889 209 1936 mam
221 1877 366 1964 partem
382 1863 519 1936 invidae
533 1887 633 1934 aurae
648 1887 685 1935 se
697 1865 860 1961 rapuisse
877 1866 1052 1937 laetantur
1071 1894 1083 1938 ι

103 1988 327 2084 paucissima
340 2009 441 2076 vero,
457 1981 541 2083 quae
556 2009 633 2056 non
649 1973 802 2080 potuere
817 1985 941 2096 celari,
957 1989 997 2054 in
1011 1989 1083 2084 pri-

106 2133 170 2178 mo
202 2105 330 2196 libello
358 2108 543 2178 succincte
561 2106 852 2203 perstrinximus.
874 2105 1086 2177 Plenissime

109 2243 235 2299 tamen
252 2230 292 2298 in
310 2227 375 2298 illo
389 2227 598 2316 volumine,
616 2223 717 2324 quod
732 2223 867 2298 devita
882 2228 994 2326 ipsius
1009 2203 1086 2300 ins:-

105 2346 285 2440 cribitur,
301 2351 331 2419 si
347 2351 408 2422 cui
424 2347 534 2440 libet,
554 2349 690 2448 poterit
704 2348 881 2421 invenire.

474 2523 642 2756 a,

409 2864 448 2902 tta
461 2857 661 2903 usnemun
670 2855 790 2899 ΒΑΝΔΤο.

110 3039 207 3152 san
225 3081 269 3140 ut
285 3068 364 3143 haec
383 3073 516 3169 pagina
536 3079 703 3140 sanctum
718 3079 753 3135 et
772 3065 991 3161 gaudiosum
1013 3089 1089 3137 no-

109 3221 201 3266 men
218 3219 254 3265 se
272 3192 410 3264 habere
426 3191 571 3261 laetetur
587 3202 632 3259 ret
648 3185 785 3272 rideat,
815 3212 933 3282 pauca
960 3213 1003 3257 ex
1031 3187 1087 3258 his

110 3340 200 3413 quae
218 3314 274 3386 vel
290 3311 598 3412 ipse-juvenculus
615 3305 794 3376 moderno
809 3311 973 3398 tempore
990 3304 1067 3373 vidi
1077 3325 1099 3394 ,ζ

36 3451 44 3474 ’
109 3448 312 3508 annectere
337 3445 459 3503 ratum
492 3428 593 3499 duxi.
630 3426 767 3495 Praeter
797 3423 1089 3522 quamplurimos

110 3525 280 3652 namque
294 3556 486 3648 utriusque
499 3573 601 3620 sexus
616 3545 827 3636 freneticos,
843 3569 935 3642 quos
948 3543 1094 3616 illucvi·

110 3665 246 3748 <leram
276 3675 485 3768 sospitatos,
516 3693 635 3738 unum
666 3687 829 3736 seorsum
860 3663 1001 3756 dicam,
1031 3666 1116 3772 cuiv

110 3796 267 3868 nullum
284 3816 363 3890 prae
376 3793 564 3862 nimietate
580 3787 714 3857 furoris
729 3787 869 3856 aestimo
883 3803 1093 3886 comparan·

111 3903 225 3986 duni.
240 3899 312 3983 iste
327 3934 487 4010 namque
504 3933 572 3980 ore
583 3927 777 4005 spumans,
796 3904 968 3977 dentibus
989 3903 1093 3970 fren-

111 4033 235 4126 dens,
254 4031 341 4108 licst
352 4055 482 4127 manus
495 4042 577 4128 post
590 4041 691 4123 terga
705 4027 910 4115 revinctus,
926 4037 962 4095 et
978 4046 999 4094 a
1021 4021 1094 4129 suis

883 4143 928 4230 14
