2906 4970
457 575 549 622 risen
567 575 721 625 'erarius
1017 571 1078 630 321¹

107 767 185 814 rens
200 740 333 830 factus,
349 739 390 809 in
410 737 532 810 vincla
553 740 720 834 conjecit.
742 738 1076 816 Mediolanensium

106 877 223 935 autem
248 859 565 958 archiepiscopus,
594 885 634 930 re
659 883 728 958 pro
753 861 824 932 alia
838 915 848 953 ,
864 867 945 961 pari
962 865 1076 939 modo

107 999 251 1085 captus,
272 983 361 1081 fuga
381 982 451 1054 sihi
472 982 670 1055 consuluit.
694 985 832 1056 Contra
851 1011 962 1084 quem
982 1014 1079 1062 exas-

105 1121 271 1206 peratus,
286 1105 369 1177 loca
383 1129 466 1203 quae
484 1103 557 1176 late
576 1103 772 1203 patebant,
795 1104 968 1180 incendio
990 1111 1079 1183 abs-

107 1253 177 1327 que
194 1227 347 1301 homine
367 1226 463 1300 lecit.
486 1229 579 1299 Nam
601 1227 642 1299 id
663 1223 806 1300 consilii
830 1255 915 1302 cum
936 1234 1082 1332 Longo-

105 1349 231 1424 bardis
253 1349 452 1442 habuerat,
478 1353 600 1448 quiin
621 1375 818 1423 commune
842 1351 1082 1429 decreverant

102 1476 316 1572 juramento
333 1487 497 1571 potentes
519 1499 604 1546 cum
629 1472 787 1566 infimis,
815 1475 919 1548 nulla
937 1481 1082 1552 ratione

105 1617 140 1665 se
154 1617 322 1692 passuros
333 1593 535 1692 quemlibet
550 1594 760 1687 dominum,
776 1599 840 1694 qui
851 1595 954 1669 aliud
966 1624 1082 1698 quam

106 1713 242 1786 vellent
273 1727 401 1788 contra
436 1741 496 1788 eos
523 1731 657 1815 ageret.
684 1720 906 1816 Supervenit
929 1720 1082 1794 tandem

108 1833 182 1909 dies
201 1851 444 1936 pentecostes,
468 1864 551 1937 quae
578 1839 751 1938 poscebat
772 1842 1083 1915 intermissurum

107 1957 304 2050 solemnia,
334 1985 403 2058 pro
436 1959 704 2034 consuetudine
734 1964 904 2034 coronari
941 1989 1080 2061 regem.

106 2081 223 2177 Igitur
239 2084 411 2180 quaesita,
426 2082 531 2152 nulla
544 2097 690 2179 reperta
703 2095 755 2152 est
769 2082 936 2172 ecclesia,
950 2097 1086 2181 praeter

106 2228 221 2276 uuam
234 2203 430 2304 parvulam
449 2227 550 2275 secus
572 2205 689 2301 ipsam
710 2205 908 2274 civitatem.
931 2207 980 2274 Et
1002 2229 1085 2282 ecce

106 2351 126 2395 a
161 2349 273 2398 mane
308 2338 504 2424 coeperunt
528 2321 650 2395 audiri
682 2327 864 2426 tonitrua,
894 2350 1085 2402 coruscare

104 2445 253 2546 fulgura
268 2463 344 2520 tam
360 2450 504 2546 gravia,
523 2461 564 2520 ut
578 2447 702 2546 plures
716 2449 755 2522 in
771 2445 943 2522 domibus
960 2427 1085 2526 mente

106 2570 338 2660 excederent,
358 2571 538 2670 aliquanti
554 2569 765 2644 exhalarent
778 2573 875 2643 inter
889 2574 1082 2648 missarum

106 2693 249 2785 officia,
269 2695 364 2766 sicut
377 2697 501 2767 Bruuo
517 2699 726 2794 episcopus,
744 2697 809 2792 qui
824 2697 970 2766 missam
985 2699 1084 2769 ceci-

107 2819 178 2908 nit,
199 2829 351 2890 testatus
371 2831 435 2888 est.
455 2817 637 2890 Bertulfus
657 2820 767 2889 etiam
789 2815 942 2915 quidam
963 2843 1084 2892 secre-

107 2941 221 3010 tarius
236 2939 330 3035 regis
343 2951 509 3010 sanctum
529 2937 713 3013 sevidisse
732 2937 823 3011 dixit
845 2939 1083 3015 Ambrosium

107 3084 175 3156 pro
193 3059 252 3132 his
267 3085 349 3157 quae
364 3083 425 3132 rex
439 3061 533 3132 male
550 3061 713 3160 gerebat,
723 3058 976 3158 indignatione
984 3089 1082 3138 eom·

107 3196 268 3254 motum.
296 3184 380 3252 Post
404 3180 501 3273 haec,
531 3181 658 3255 relicto
683 3180 755 3254 hoc
773 3185 922 3279 negotio
942 3186 1088 3284 imperss

106 3301 221 3398 fecto,
246 3307 315 3376 iter
340 3305 522 3376 convertit
535 3305 584 3373 cis
597 3303 727 3400 Alpes,
748 3325 815 3372 nec
836 3301 954 3372 multo
978 3319 1081 3402 post,

106 3423 286 3524 languore
301 3424 456 3497 afflictus
469 3435 534 3513 est,
544 3435 580 3494 et
593 3425 669 3494 vita
683 3419 785 3522 apud
796 3423 1003 3528 Trajectum
1010 3427 1084 3525 pri·

106 3562 232 3642 vatus,
263 3549 466 3620 Henricum
491 3545 612 3616 filium
630 3569 744 3616 suum
768 3545 872 3642 regni
891 3557 928 3617 et
949 3545 1086 3622 laboris

106 3667 248 3743 dimisit
258 3667 458 3742 haeredem.
477 3665 535 3739 Ad
550 3691 661 3766 quem
675 3692 771 3767 saepe
787 3664 906 3739 dictus
922 3669 1086 3766 pontifex

108 3793 207 3886 iens,
229 3790 401 3864 manibus
418 3813 454 3862 se
467 3789 565 3862 illius
579 3789 998 3889 commisit,pariterque
1010 3790 1089 3865 dux

106 3913 264 3987 Gothilo
274 3966 285 4006 ,
294 3915 359 4013 qui
374 3911 646 4010 aliquantulum
655 3895 1084 4009 denegaredisposucrat.

106 4041 227 4138 Cujus
252 4033 414 4113 Conradi
430 4047 586 4110 mortem
602 4033 681 4110 haec
696 4047 956 4136 praecesserunt
968 4035 1086 4133 signas

871 4177 913 4229 21
