2902 4972
375 591 433 648 5¹10
708 621 711 628 ·
741 596 813 644 ιιι.
840 594 974 642 serens

373 691 538 705 n—t--—

370 789 438 856 ra,
463 761 698 862 defungitur,
725 772 762 832 et
789 761 976 833 cameraci
1000 758 1143 833 delatus
1162 763 1203 832 in
1227 760 1345 834 medio

369 887 529 961 ecclesiae
559 910 659 958 anno
684 909 712 960 n
728 909 772 956 xc
787 907 826 956 ιιι
867 883 1087 956 tumulatur.
1120 887 1207 956 Post
1245 887 1344 984 cujus

369 1025 546 1105 mortem,
579 1008 843 1107 undecumque
873 1009 1020 1107 pessimi
1049 1010 1190 1107 quique
1221 1035 1344 1109 coepe-

366 1147 457 1208 runt
468 1157 670 1230 emergere,
686 1145 722 1203 et
734 1129 976 1229 multiplicata
988 1145 1075 1204 sunt
1087 1129 1184 1203 mala
1199 1131 1240 1202 in
1254 1146 1342 1204 terra

348 1335 350 1340 ³
367 1255 637 1346 Cameracensi,
652 1257 754 1326 omni
773 1251 961 1326 defensore
975 1253 1144 1346 viduata,
1159 1279 1247 1353 quae
1258 1279 1339 1327 enu-

366 1403 508 1450 merare
520 1403 589 1450 nec
601 1377 700 1469 haec,
712 1401 781 1448 nec
793 1375 917 1475 aliqua
928 1376 1062 1450 sufficit
1075 1379 1226 1475 paglna.
1244 1375 1339 1448 Mul-

366 1503 471 1573 toties
485 1503 599 1599 igitur
616 1501 884 1572 Cameracensis
900 1489 989 1570 oleri
1003 1499 1194 1598 plebisque
1215 1502 1338 1572 concio

364 1619 413 1693 ad
433 1619 646 1720 eligendum
667 1617 883 1720 pontificem
893 1619 1238 1694 ·conveniebat.Sed
1252 1621 1336 1692 dum

359 1744 516 1841 quisque
533 1761 602 1841 pro
617 1740 709 1814 velle
725 1765 793 1812 suo
805 1739 910 1839 loqui
924 1741 1189 1840 presumebat,
1215 1767 1337 1816 omnes

358 1866 397 1936 in
408 1861 707 1938 communenihil
716 1862 1221 1963 proficientes,discedebant.
1237 1865 1337 1940 Deni·

359 2010 432 2088 que
446 2001 529 2088 post
545 1985 679 2058 multas
696 1983 1010 2084 perturbationes,
1027 1985 1204 2061 clericum
1226 2011 1336 2088 quen·

360 2107 467 2201 dam,
486 2113 708 2204 Manassem,
729 2111 970 2203 canonicum,
990 2111 1258 2183 suessionensis
1274 2133 1337 2184 co·

359 2236 457 2306 mitis
477 2231 807 2331 fratrem-eligunt,
829 2246 866 2306 et
889 2257 974 2307 cum
999 2257 1137 2332 magno
1155 2246 1335 2334 apparatu

353 2344 407 2429 'ad
420 2358 681 2455 imperatorem
697 2357 964 2430 transmittunt.
980 2354 1049 2428 Sed
1066 2355 1213 2428 furtivis
1226 2356 1335 2429 literis

358 2491 441 2576 post
468 2503 554 2550 eum
584 2479 700 2550 missis
728 2491 938 2573 accusatus,
963 2481 1082 2553 inanis
1107 2477 1241 2574 rediit,
1264 2495 1334 2554 eta

357 2624 420 2699 spe
435 2599 626 2675 fraudatus
639 2605 827 2676 remansit.

678 2820 837 3004 tior.
893 2863 1021 2938 vm.

420 3153 459 3205 il!
477 3165 679 3207 araneorum!
699 3164 847 3205 necessu.
864 3166 902 3205 Μ
921 3160 1086 3206 smenon!
1103 3167 1274 3211 WALCEm

356 3311 522 3426 lurnnrn
540 3351 919 3424 Atrebatensesolerici
927 3364 1070 3450 tempus
1077 3363 1332 3451 opportunum

356 3474 445 3566 sibi,
465 3489 548 3574 post
564 3477 760 3547 maximam
775 3469 1334 3575 disceptationem'Camerac'en·

356 3599 467 3689 sium,
486 3596 681 3691 babentes,
702 3619 777 3697 quo
791 3596 837 3670 de
848 3601 940 3698 jugo
954 3601 1224 3672 Cameracensis
1236 3601 1334 3700 epis-

357 3717 1330 3818 copisubjoctioni'scollaexcuterent,Romamadeunt,

356 3838 508 3913 Urbano
525 3865 631 3941 papae
646 3867 793 3916 causam
812 3867 916 3916 suam
934 3855 1151 3942 suggerunt,
1168 3857 1212 3916 ut
1227 3851 1348 3938 Atro,

356 3963 544 4038 batensem
565 3967 755 4040 ecclesiam
779 3982 883 4040 tanto
907 3979 1071 4066 tempore
1096 3965 1324 4056 ancillatam,

353 4086 430 4186 jam
450 4087 659 4164 miserando
674 4087 830 4162 liberam
852 4087 1005 4183 efficiat,
1027 4085 1333 4164 lachrimabiliter
