3088 4968
564 601 658 652 mitt
674 601 803 648 ramus.

202 699 449 715 ——an—nffl

492 831 651 1014 lap.
692 885 886 972 xvln.

196 1135 281 1185 QUOD
308 1135 331 1173 1-
361 1129 475 1172 amm
498 1125 660 1168 mnan!
690 1124 891 1166 comeum·
907 1153 914 1172 ,
932 1125 964 1166 '8.
993 1125 1175 1170 mmmm

246 1197 444 1266 necamus
459 1205 686 1248 wsmsmmsnu
697 1203 736 1245 m
750 1206 771 1246 s.
786 1203 987 1248 smscusasn
1001 1203 1139 1252 sauvis,
1256 1213 1258 1217 ·

199 1412 295 1526 Sus
325 1443 454 1521 codem
480 1443 556 1519 fere
576 1457 766 1543 tempore,
791 1445 831 1516 Β.
853 1443 1024 1520 Gislenus
1044 1449 1108 1546 (s)
1130 1449 1178 1523 ab

195 1569 355 1644 Athenis
374 1567 554 1666 digressus
578 1579 651 1659 est,
668 1564 780 1658 dum,
793 1569 887 1640 crtis
908 1568 1176 1664 simultatibus,

193 1690 301 1792 apud
322 1694 364 1762 B.
390 1689 613 1762 Autbettum
633 1703 876 1762 accusaretur.
900 1690 966 1763 llle
985 1690 1179 1765 advertens

190 1813 442 1886 simulationis
466 1835 612 1903 causas,
640 1835 717 1882 non
741 1809 861 1884 solum
893 1838 970 1884 non
996 1812 1176 1890 condem-

71 1963 74 1970 *
193 1933 366 2008 nandum
381 1935 591 2025 aestimav‘it,
606 1929 670 2006 sed
683 1958 770 2007 cum
787 1959 921 2033 magna
938 1937 1176 2009 veneratione

192 2059 375 2158 suscepit,
394 2055 659 2156 ecclesiamque
684 2081 799 2156 quam
823 2055 923 2130 idem
946 2061 983 2128 S.
1005 2057 1175 2130 Gislenus

196 2192 467 2271 construxerat,
496 2181 685 2280 assumpto
709 2171 841 2249 secum
857 2179 898 2251 B.
920 2177 1110 2271 Amando,
1136 2181 1177 2252 in

197 2297 339 2378 honore
363 2297 620 2404 apostolorum
644 2302 882 2376 consecravit.
914 2301 984 2376 Hic
1010 2301 1050 2374 B.
1081 2301 1176 2372 Vin-

194 2427 380 2518 centium,
401 2425 569 2526 quiante
589 2421 835 2522 Madelgarius
856 2421 976 2498 dictus
985 2438 1065 2532 vest,
1088 2450 1177 2498 cum

194 2549 280 2620 vitae
304 2547 488 2622 saecularis
510 2544 651 2622 actibus
678 2547 877 2648 occupatus
904 2561 1109 2642 teneretur,
1139 2562 1177 2620 ct
1300 2637 1307 2654 ,

193 2667 420 2742 militaribus
452 2666 607 2768 negotiis
635 2681 673 2742 et
710 2671 801 2768 regii
824 2671 967 2770 generis
1002 2671 1176 2768 conjugio

193 2805 286 2864 esset
306 2787 462 2882 nobilis,
490 2791 531 2864 in
557 2803 704 2864 mntum
728 2787 847 2865 divini
876 2783 1012 2865 amaris
1034 2789 1177 2864 fervore

194 2907 384 3005 accendit,
400 2921 444 2982 ut
458 2909 599 2984 militiae
614 2913 764 3012 cingulo
781 2910 1004 3014 postposito,
1020 2909 1177 3012 laxoque

197 3036 391 3134 conjugio,
407 3034 608 3110 monastico
626 3031 759 3106 habitu
776 3049 945 3134 sumpto,
958 3029 1027 3108 sub
1041 3049 1176 3108 sanctas

103 3187 107 3194 ·
197 3157 485 3228 conversationis
512 3151 641 3253 regula
672 3178 710 3227 sc
741 3155 1019 3256 constringeret.
1064 3159 1179 3254 Cujus

199 3301 314 3368 uxor,
328 3276 435 3352 beata
456 3275 593 3350 scilicet
609 3273 881 3374 Waldetrudis,
903 3294 1089 3380 assumpta
1108 3275 1180 3362 sibi

201 3422 374 3495 gemmus
389 3425 474 3494 sua,
498 3425 583 3502 quae
608 3388 828 3496 virginitatis
850 3401 1082 3498 propositum
1107 3393 1180 3470 do-

198 3522 302 3592 mino
328 3519 489 3596 dicarat:
518 3515 578 3593 hae
605 3515 746 3614 ambae,
775 3523 931 3624 sumptis
962 3511 985 3592 a
1013 3521 1054 3592 Β.
1083 3525 1179 3594 Aut·-

197 3637 304 3716 berto
323 3642 434 3718 sactis
446 3641 713 3737 velaminibus,
729 3642 823 3738 haec,
842 3645 882 3716 in
898 3637 1024 3718 munte
1038 3645 1104 3745 qui
1118 3641 1180 3718 di·-

198 3765 295 3839 citur
309 3765 549 3840 Castrssocus:
576 3753 661 3860 illa,
683 3764 729 3838 'in
748 3765 832 3842 loco
846 3769 912 3868 qui
932 3763 1069 3841 dicitur
1089 3756 1179 3837 Mel-

194 3885 384 3984 bodium,
417 3889 552 3966 divinis
582 3885 808 4016 sc’5cultibus
836 3916 953 3992 usque
982 3885 1030 3961 ad
1064 3885 1179 4002 finem

236 4091 288 4161 (ι)
304 4097 336 4146 c.
352 4091 463 4148 snus.
