2932 4974
111 514 248 526 ,,-,,..-..
676 513 809 523 .........-.-
814 499 1077 523 ...nb-*-

453 558 546 606 mn
562 559 737 609 SECUNDUS.
1025 555 1082 608 2¹9

111 726 229 817 irruit,
247 725 513 823 evaginatoque
529 722 652 818 gladio
668 721 974 817 decollavit.·Quoe
982 747 1081 816 mox,

110 862 151 918 ut
159 849 359 946 antiquitas
372 845 574 919 relatorum
587 845 698 918 audet
712 871 880 940 asserere,
888 850 1081 946 proprium
1198 849 1200 854 ’

110 985 219 1070 caput
242 969 418 1042 manibus
445 972 620 1069 sumpsit,
656 969 869 1070 populoque
900 983 1084 1068 spectante

110 1096 280 1192 usquein
297 1093 504 1184 ecclesiam,
521 1118 604 1192 quae
621 1096 659 1164 in
674 1095 753 1192 ipsa
765 1092 899 1184 villas
889 1117 927 1163 rn
943 1090 1083 1165 honore

107 1219 142 1287 S.
171 1218 330 1313 Remigii
357 1214 481 1288 aderat
490 1214 749 1316 ,deportavit
779 1215 836 1287 Ad
867 1217 974 1314 cujus
996 1239 1084 1313 ergo

107 1342 401 1430 venerationem,
423 1336 635 1410 afidelibus
647 1337 856 1412 christianis
875 1337 970 1411 facto
993 1363 1081 1412 mo-

107 1464 288 1554 nasterio,
319 1461 491 1560 puellaris
517 1464 751 1560 congregatio
779 1459 989 1560 delegatur,
1019 1461 1082 1534 sed
1179 1501 1181 1512 =

107 1583 292 1684 praedictis
304 1586 418 1657 causis
433 1584 770 1684 intercipientibus,
790 1582 838 1655 ad
852 1586 964 1655 unius
978 1607 1084 1684 pres-

108 1705 228 1802 byteri
245 1706 462 1805 obsequium
479 1701 672 1805 redigitur.
689 1711 754 1779 Est
782 1720 905 1778 autem
930 1707 1086 1803 antiqua

110 1826 250 1914 relatio,
267 1824 368 1928 quod
380 1827 493 1926 longo
506 1841 588 1928 post
601 1841 765 1928 ternpore
777 1831 946 1917 Saxones,
960 1828 1085 1899 incer-

111 1963 188 2024 tum
203 1976 278 2050 qua
293 1975 419 2043 causa,
436 1951 487 2022 ad
510 1949 608 2024 hanc
623 1937 799 2024 viciniam
830 1949 1082 2042 devenerunt,

111 2087 146 2146 ct
160 2097 225 2172 per
242 2077 364 2173 ipsum
378 2074 504 2153 vicum
520 2085 767 2165 transeuntes,
786 2051 912 2146 audita
931 2071 1084 2170 quidem

112 2219 209 2267 sacra
222 2197 421 2295 opinione,
437 2197 582 2292 partem
602 2197 766 2292 corporis
794 2187 903 2268 sacrae
936 2191 1087 2290 virginis

113 2331 357 2416 asportarunt.

343 2689 345 2694 Ι
399 2508 559 2689 llos.
614 2553 745 2634 xm·

210 2821 257 2889 ,nl
271 2819 458 2864 fflffl'ffltl
470 2819 593 2860 sartori!
607 2819 711 2862 uns!
726 2817 979 2862 Amussllm.

113 2994 320 3110 verianus
350 3057 452 3106 nunc
487 3032 537 3106 ad
570 3031 806 3108 atrebatense
838 3031 1081 3111 territorium,

114 3159 375 3232 lllonasterinm
401 3183 561 3257 namque
579 3161 615 3230 S.
638 3159 785 3249 Mariae,
805 3155 872 3228 ubi
893 3152 1084 3253 quondam

114 3280 334 3376 pontificalis
349 3278 533 3356 cathedrae
556 3269 785 3379 principatus
813 3277 959 3367 iuerat,
990 3301 1087 3374 qun-

114 3400 280 3502 dreginta
293 3406 489 3478 canonicos
508 3401 634 3474 habet.
651 3399 751 3472 lllud
770 3423 878 3488 vero,
896 3394 1085 3470 modernis

113 3525 261 3620 diebus,
290 3526 471 3602 llodulfus
499 3527 614 3625 ipsius
646 3523 804 3598 ecclesiae
819 3521 1083 3616 thesaurarius,

115 3649 265 3724 consilio
294 3651 343 3723 D.
366 3645 522 3722 Gerardi
548 3647 728 3746 episcopi,
747 3645 956 3746 ampliarits
975 3657 1088 3718 esset-

117 3796 186 3869 que
204 3771 306 3846 locus
330 3771 567 3864 venerabilis,
589 3786 627 3843 et
646 3771 769 3844 minus
791 3767 981 3869 indigens,
1018 3769 1088 3839 nisi

114 3893 270 3970 fastuosa·
284 3893 567 3968 Flandrensium
585 3897 727 3967 comitis
749 3894 981 3982 excellentia,
1003 3913 1088 3987 quse

111 4015 214 4130 iuxta
227 4019 494 4118 supereminet,
511 4014 694 4092 adversari
711 4013 913 4116 aliquando
931 4031 1090 4089 consue-
