2906 4970
387 542 446 596 2¹10
692 542 812 589 CHRON.
832 539 910 588 CAH.
928 543 971 587 ΕΤ
987 541 1064 586 A'ru.

386 707 540 804 sardum
563 704 797 803 episcopum,
819 715 863 774 ut
889 726 1013 775 secum
1040 703 1361 802 sentiret‚‘pariter

387 839 627 902 monuerunt.
649 827 722 918 Qui
735 825 843 897 altius
858 849 981 897 causas
1003 823 1216 918 advertens,
1239 823 1359 924 procui

387 975 543 1024 renuere
558 949 770 1038 aestimavit,
790 949 1005 1045 cunctisque
1018 949 1269 1046 perniciosum
1282 971 1357 1021 con·

387 1073 531 1164 silium,
547 1097 589 1144 ac
602 1066 825 1169 impossibile
839 1068 1064 1166 intelligens,
1081 1068 1232 1140 nullum
1247 1093 1359 1142 assen-

387 1220 470 1268 sum
493 1195 668 1294 porrexit.
694 1193 773 1264 Hoc
795 1193 895 1263 enim
922 1213 999 1262 non
1022 1204 1097 1262 tam
1119 1191 1356 1291 impossibile,

387 1342 500 1416 quam
518 1319 767 1413 incongruum
781 1311 898 1387 videri
912 1311 1121 1412 respondit,
1137 1313 1286 1412 siquod
1304 1339 1357 1386 re·

387 1437 581 1536 gaiisjuris
595 1447 665 1526 est,
688 1432 759 1506 sibi
786 1431 966 1506 vindicari
987 1450 1268 1531 praesumerent.
1289 1437 1357 1506 Hoc

388 1561 499 1633 etiam
523 1555 636 1630 modo
664 1570 797 1630 sanctae
824 1555 984 1630 ecelesiae
1001 1570 1138 1630 statum
1155 1555 1353 1647 confundi,

387 1707 472 1781 quae
489 1681 645 1779 geminis
658 1680 840 1777 personis,
860 1679 973 1776 regali
987 1678 1157 1753 videlicet
1177 1706 1223 1754 ac
1244 1705 1354 1754 sacer-

388 1801 524 1895 dotali,
542 1799 791 1874 administrari
806 1783 1033 1900 praecipitur.
1053 1803 1150 1876 Huic
1162 1804 1265 1875 enim
1280 1828 1354 1876 ora-

387 1951 445 1999 re:
474 1925 528 1997 illi
554 1949 642 1998 vero
663 1947 830 2023 pugnare
865 1923 1055 1995 tribuitur.
1088 1927 1207 2022 Igitur
1237 1949 1353 2024 regum

386 2071 479 2139 esse,
494 2043 689 2119 seditiones
703 2046 840 2116 virtute
853 2069 1100 2143 compescere,
1114 2043 1213 2118 bella
1225 2045 1351 2134 sedare,

388 2173 486 2270 pacis
512 2171 732 2244 commercia
756 2166 930 2240 dilatare:
961 2170 1222 2268 episcoporum
1251 2193 1350 2257 vero,

387 2319 508 2393 reges,
538 2308 581 2365 ut
608 2293 763 2366 viriliter
782 2317 852 2391 pro
873 2292 990 2365 salute
1016 2297 1145 2391 patriae
1169 2307 1350 2394 pugnent,
1428 2367 1429 2392 Ξ

388 2439 557 2506 monere,
587 2428 629 2486 ut
657 2417 808 2488 vincant
827 2441 945 2488 orare.
967 2417 1045 2490 Hoc
1070 2442 1156 2516 ergo
1176 2417 1351 2518 decretum
1428 2393 1429 2457 ¹

387 2511 1351 2642 periculosumesseomnibus;on1ncsvidelicetautju
1427 2573 1428 2661 p

388 2685 470 2734 rare
482 2674 548 2732 aut
559 2656 785 2732 anathemat}
797 2658 999 2758 subjacere
1009 2665 1143 2734 Omnes
1154 2689 1255 2736 emm
1266 2685 1351 2736 com-

389 2784 496 2854 muni
513 2794 662 2881 peccato
685 2779 848 2871 involvi,
870 2784 900 2854 si
920 2797 1129 2855 commento
1149 2779 1351 2884 hujusmodi
1426 2813 1427 2863 t

387 2916 594 2974 uterentur.
604 2901 1233 2999 Itaqucepiscopumdissentientem
1244 2903 1350 2978 ceteri

367 3023 594 3122 ‘coepiscopi
622 3020 776 3096 occultis
804 3023 1152 3120 reprehensionibus
1175 3025 1426 3126 improba·

388 3141 840 3238 bant,d1centcseunrnon
851 3169 1031 3243 essepacrs
1043 3171 1352 3248 anucum‚qurpa

388 3289 467 3340 cem
481 3265 694 3350 volentibus
715 3261 933 3337 dissentiret.
961 3269 1089 3340 Postea
1108 3294 1196 3342 vero
1215 3291 1350 3343 suorum

388 3386 518 3461 crebro
532 3385 742 3460 hortamine
756 3387 1042 3482 circumventus,
1057 3389 1120 3464 sed
1137 3395 1289 3466 maxime
1300 3389 1349 3460 ab·
1423 3425 1424 3475 t

388 3507 537 3598 batum,
557 3507 716 3580 Leduini
731 3510 793 3605 (a)
811 3507 982 3582 videlicet
1001 3525 1039 3584 et
1058 3515 1196 3587 Rotrici
1216 3523 1350 3614 precatu

389 3643 556 3722 coactus,
573 3631 757 3727 acquievit
771 3631 921 3706 invitus.
941 3633 1011 3706 Sed
1026 3635 1130 3735 quod
1149 3653 1235 3724 ante
1250 3633 1351 3710 recla-
1422 3615 1423 3679 i

389 3749 535 3842 mahat,
554 3763 679 3849 postea
701 3753 872 3850 probavit
891 3770 1056 3830 eventus.
1079 3759 1146 3832 Vix
1165 3762 1264 3834 enim
1280 3775 1349 3855 pau·
1421 3793 1422 3883 p

390 3873 522 3948 cissimi
539 3873 680 3946 crimen
695 3876 849 3972 perjurii
864 3893 1070 3954 evaserunt.
1420 3971 1421 3992 Χ

425 4033 479 4099 (ι)
497 4032 673 4086 nunno.
720 4067 727 4078 .
870 4023 900 4116 J
1213 4079 1222 4089 .
1420 3995 1421 4087 i
