2932 4974
375 514 433 568 aas
672 506 790 556 ennon.
808 503 887 550 cau.
909 502 950 546 nr
969 499 1047 547 arn.

377 689 494 760 extitit
511 679 732 754 aClodoveo
746 670 898 773 quidem
913 670 1028 764 Rege,
1044 679 1087 735 ut
1099 663 1246 751 ferunt,
1262 686 1350 733 eou-

379 809 519 898 ditum,
550 817 586 876 ct
606 829 628 874 a
646 803 688 872 B.
706 794 872 870 ‘Vedasto
900 795 941 862 in
967 789 1108 862 bonore
1134 790 1170 856 S.
1203 785 1349 878 Georgii

378 941 643 1004 consecratum.
661 923 740 995 lllic
755 921 854 991 enim
869 912 1064 988 brachium
1078 907 1247 1006 ejusdem
1261 931 1350 978 mar·

379 1056 472 1149 tyris
486 1049 705 1122 habebatur.
722 1046 801 1134 Hoc
814 1027 944 1110 ¹autem
964 1031 1296 1130 locupletissimum
1319 1040 1350 1097 et

379 1173 609 1261 venerabile,
624 1159 807 1243 columnae
821 1183 1036 1233 marmoreae
1049 1169 1087 1227 et
1104 1157 1260 1251 antiqua
1275 1150 1346 1250 pul·

381 1295 470 1370 ebra
513 1291 685 1378 aedificia,
728 1311 812 1384 quae
847 1281 971 1356 adhue
997 1290 1215 1378 supersunt,
1250 1274 1350 1344 luisse

381 1429 573 1489 testantur.
594 1417 637 1483 In
656 1409 784 1480 diebus
804 1419 927 1507 autem
949 1401 1143 1476 Dodilonis
1165 1397 1347 1497 episcopi,

380 1537 546 1614 uidentes
584 1534 751 1608 canonici
778 1527 1106 1600 Nordmannorum
1133 1521 1348 1594 bachaniam

382 1663 478 1732 eirca
492 1662 597 1730 istam
612 1656 840 1754 provinciam
858 1651 998 1746 ubique
1023 1647 1216 1738 desaevire,
1239 1658 1292 1733 et,
1315 1654 1350 1712 ut

381 1783 549 1879 superius
567 1777 870 1865 memoravimus,
894 1761 1094 1870 profanatis
1117 1770 1228 1840 saeris
1247 1764 1351 1840 culti-

380 1901 464 1993 bus,
483 1916 622 1974 sanetas
635 1901 704 1970 Dei
718 1922 814 1970 casas
826 1893 1169 1986 incender03'saeras
1183 1889 1348 1987 reliquias

382 2049 470 2096 eum
499 2026 572 2098 suis
595 2021 804 2120 quibusque
826 2016 1031 2098 necessariis
1053 2017 1092 2084 in
1111 2027 1275 2086 nostram
1294 2035 1351 2080 eo-

320 2161 322 2164 ’
383 2147 529 2218 alesiam
559 2145 782 2232 attulerunt,
810 2139 856 2212 ab
883 2141 962 2236 ipso
990 2141 1167 2208 nimirum
1187 2137 1349 2233 episcopo

382 2266 547 2340 humane
563 2268 733 2363 suseepti.
749 2263 822 2334 Ubi
841 2285 907 2358 per
927 2233 1268 2357 aliquod'temporis
1287 2255 1349 2330 de-

385 2393 537 2480 morati,
554 2413 639 2485 eum
653 2389 732 2484 jam
746 2381 1039 2454 adversamur-um
1055 2378 1348 2472 decessionem(r)

385 2509 622 2598 arbitrantes,
652 2504 700 2576 ad
727 2528 792 2575 sua
821 2499 1025 2599 repedandi
1042 2501 1229 2574 licentiam
1251 2501 1348 2597 flagi-

385 2644 535 2721 tassent,
568 2629 695 2700 nolens
721 2628 912 2724 episeopus
937 2626 987 2696 eis
1012 2621 1273 2722 adquiesoere,
1307 2619 1347 2692 ad

385 2769 530 2852 tempus
545 2753 691 2824 monuit
704 2745 964 2821 differendum.
980 2750 1072 2820 Sane
1086 2745 1249 2818 bostium
1266 2736 1349 2844 pne·

386 2901 511 2950 cavere
528 2873 742 2973 perfidiam,
757 2895 885 2942 eorum
900 2868 1038 2942 reditus
1054 2884 1239 2968 suspectos
1252 2866 1346 2954 doli,

386 3023 433 3068 ne
450 3012 585 3069 temere
600 2994 791 3068 crederent
805 3019 907 3066 vanae
928 2995 1115 3092 opinioni,
1140 3006 1277 3068 certam
1297 3013 1348 3061 se-

386 3122 578 3194 curitatem
592 3121 715 3215 potius
727 3117 970 3213 expectarent.
988 3113 1189 3194 audientes
1206 3137 1290 3210 ergo
1306 3111 1349 3182 sie

385 3245 619 3342 episcopum,
636 3253 849 3311 manserunt
870 3235 1102 3336 aliquandiu.
1125 3240 1254 3310 Paucis
1274 3254 1349 3306 vero

386 3379 469 3464 post
492 3363 621 3437 diebus
641 3362 882 3459 interpositis,
904 3360 1039 3430 iterum
1057 3357 1195 3431 adeunt
1216 3359 1348 3456 episeo-

334 3569 336 3572 ,
384 3513 489 3584 pum,
498 3499 692 3558 asserentes
705 3483 848 3554 hostem
862 3478 1045 3573 excedere,
1056 3483 1180 3552 omnia
1194 3493 1286 3569 tuta,
1299 3499 1349 3546 se·

385 3633 517 3680 ourum
525 3604 710 3678 etiamsibi
718 3617 842 3702 patere
855 3599 1113 3674 recessum.Ad
1126 3627 1219 3700 quos
1230 3601 1349 3699 episeo

366 3719 368 3724 ¹
383 3755 472 3829 pus:
483 3732 675 3821 Quaenam,
687 3729 821 3824 inquit,
831 3723 1024 3824 vosiirovet
1033 3726 1213 3806 temeritas
1224 3725 1239 3795 2
1249 3711 1347 3812 Quod

420 3996 470 4062 (l)
489 4003 517 4048 n.
538 3995 741 4048 deussan'onem.
