2924 4964
414 599 477 648 θυι
493 598 552 644 urs
569 574 786 646 surrsr'sssaus.
1037 595 1095 651 tto

154 761 246 837 Aprrd
266 761 423 837 proximam
445 759 544 820 villam
565 781 626 834 que
650 774 692 820 est
715 760 858 822 scherem.
875 759 950 822 ..11
970 764 1093 826 n'exlste

114 869 223 948 aupres
233 865 272 928 de
290 864 436 926 Lambres
451 883 550 926 aucun
574 863 637 926 lieu
646 866 701 946 qui
716 877 804 945 porte
813 865 844 928 le
854 887 928 928 nom
946 867 986 931 de
995 867 1095 934 sche-

113 991 190 1034 rem.
208 971 368 1034 Pom-stre
385 969 551 1053 yovait-ll
564 969 640 1032 daus
652 968 682 1032 le
695 969 755 1032 Mo.
772 991 834 1033 une
851 993 955 1034 erreur
975 973 1015 1036 de
1038 997 1093 1038 eo-

113 1079 202 1159 piste‚
218 1076 257 1138 de
267 1089 347 1138 sorte
360 1073 435 1157 qu'il
449 1073 582 1136 faudrait
594 1073 651 1137 lire
663 1079 764 1137 Ferem
774 1121 786 1152 ,
807 1095 849 1137 ou
859 1075 961 1158 plutot
984 1083 1092 1156 Fe'rt'u,

113 1201 187 1244 nom
197 1180 386 1263 d'unvillage
397 1182 495 1244 voisiu
505 1179 544 1242 de
558 1179 715 1256 Lansbres,
730 1193 839 1243 canton
849 1180 888 1243 de
898 1181 1086 1246 nouat-sud.

114 1285 295 1364 Ferinetait,
307 1307 427 1350 comme
439 1285 594 1362 lambres,
607 1285 651 1348 du
660 1285 780 1350 diocese
793 1286 924 1349 d’rlrras.

482 1483 648 1582 toooitrr
680 1501 728 1562 11.

155 1718 219 1776 Duo
239 1716 298 1775 oiri
309 1737 411 1797 genere
425 1717 538 1776 nobiles.
551 1755 585 1768 -
598 1713 688 1778 Volci
703 1727 856 1779 comment
871 1715 901 1779 la
915 1715 1092 1800 Chronique

111 1820 258 1900 sranoaise
272 1817 466 1880 mentionnee
476 1817 546 1899 plus
559 1818 652 1896 hsut,
666 1819 751 1881 dsrle
765 1819 804 1880 de
828 1819 859 1880 le
881 1820 1039 1882 fondation
1053 1821 1092 1884 (le

110 1925 250 2008 l'abbaye
278 1923 449 1985 (l'Auchins
471 1923 525 1982 «A
546 1921 605 1984 leel
627 1935 725 2004 tempo
737 1945 793 2004 par
808 1923 838 1985 le
856 1927 1035 2007 inspiration
1054 1926 1093 1988 de

110 2028 192 2092 Dieu
206 2029 309 2091 lurent
322 2029 471 2090 convertit
484 2025 566 2088 deux
577 2025 728 2090 chevalier
737 2026 775 2089 de
786 2026 878 2089 noble
899 2028 991 2112 lignie
1008 2029 1093 2110 plain

110 2135 151 2200 de
159 2135 267 2198 hoines
276 2155 389 2210 meurs,
401 2131 512 2214 templi
523 2131 562 2194 de
572 2153 659 2215 grace
673 2131 736 2195 dou
754 2130 797 2194 St.
812 2131 926 2215 Esprit.
940 2133 976 2196 Li
991 2155 1046 2196 uns
1061 2149 1094 2197 ot

108 2261 186 2304 nom
196 2237 364 2301 Gauehiers
374 2249 405 2300 et
414 2235 437 2298 li
447 2249 548 2300 autres
562 2235 707 2311 Sohiers;
738 2237 761 2299 il
776 2238 1016 2300 s'assemblerent
1036 2261 1094 2302 en-

109 2345 228 2410 samhle
240 2344 316 2407 d'un
325 2364 432 2426 corage
443 2355 473 2406 et
483 2341 573 2404 d'une
588 2340 707 2406 volente
721 2355 752 2404 et
758 2342 937 2406 manderent
950 2348 968 2405 a
984 2343 1094 2410 l’eves-

109 2471 172 2536 que
193 2443 268 2533 qu’il
302 2451 399 2512 venist
427 2451 445 2510 a
475 2445 583 2530 Douay
617 2450 635 2507 a
658 2445 749 2530 vaula
777 2445 878 2528 parler
898 2459 929 2509 et
958 2446 1027 2511 ilst
1044 2449 1094 2512 fist

105 2557 280 2620 volentiers.
298 2553 373 2616 Lors
395 2553 419 2616 li
439 2551 575 2614 direutli
592 2550 745 2614 chevalier
765 2552 842 2635 qu’il
861 2555 985 2616 avolent
1003 2567 1092 2636 grant

107 2663 236 2726 desirier
251 2659 368 2722 d'eslire
381 2681 425 2720 un
437 2657 502 2720 lieu
515 2659 557 2719 ou
578 2656 769 2738 ilpeu'ussent
789 2657 869 2720 Dieu
890 2661 985 2722 servir
1006 2672 1092 2724 toute

106 2767 176 2831 leur
183 2769 278 2844 vie,et
283 2764 306 2828 li
312 2767 447 2846 prierent
455 2761 671 2824 humblement
678 2763 753 2844 qu'il
758 2763 825 2826 leur
831 2761 961 2826 donnast
973 2766 1092 2846 congiet

106 2873 147 2936 de
161 2871 269 2938 edifier
280 2891 341 2932 une
353 2869 444 2952 eglise
459 2890 497 2930 en
509 2891 551 2930 un
571 2867 636 2931 lieu
650 2873 705 2952 qui
720 2881 752 2930 ot
765 2891 839 2930 nom
853 2867 988 2930 Anchins
1003 2913 1012 2946 ,
1036 2871 1093 2951 qui

107 2981 201 3042 estoit
219 2977 302 3038 leurs
324 2995 451 3056 propres
475 2973 580 3051 aleus,
611 2987 641 3036 et
663 2976 790 3036 estoit&
814 2973 873 3036 icel
900 2986 999 3056 temps
1029 2973 1093 3038 lieu
1144 3022 1147 3027 -

105 3083 247 3148 d'orreur
261 3095 292 3144 et
300 3083 413 3164 gastine
426 3104 434 3154 3
449 3091 480 3142 et
492 3079 515 3140 li
530 3099 674 3160 evesques
694 3079 862 3142 volentiers
882 3082 1032 3144 siesseuti
1061 3093 1093 3142 et

106 3189 211 3256 moult
220 3204 280 3251 s‘en
292 3188 415 3270 esjol....
437 3213 450 3239 s·

145 3302 274 3360 floreret
287 3297 375 3356 abhas
391 3293 443 3353 W
437 3291 565 3352 oldricus
579 3289 726 3350 ecclesiam
746 3287 817 3349 loono
838 3289 918 3348 auus
939 3309 1041 3350 xxxvl.
1058 3335 1092 3347 ..

104 3403 196 3468 Nous
214 3415 359 3464 trouvons
382 3399 421 3460 ici
440 3395 602 3458 l'oecasion
616 3393 654 3454 de
673 3393 803 3454 rectifier
824 3403 854 3453 et
873 3389 912 3453 de
926 3391 1091 3472 eompleter

105 3511 150 3573 les
161 3511 284 3572 notlous
298 3503 431 3568 donnees
445 3522 499 3584 par
514 3500 543 3562 le
555 3501 655 3562 Gallia
671 3499 855 3572 Christiana,
872 3508 893 3556 t.
916 3499 954 3574 3,
966 3519 998 3578 p.
1012 3498 1088 3575 137,

104 3638 159 3678 sur
170 3627 218 3677 eet
228 3611 307 3674 abbe
321 3609 359 3672 de
373 3606 535 3670 St-Andre'
558 3605 602 3668 du
616 3605 736 3668 calesu.
753 3601 880 3664 Suivant
902 3602 947 3665 les
970 3617 1093 3666 auteurs

104 3722 146 3786 de
161 3743 196 3783 ee
206 3717 303 3804 grand
316 3735 460 3797 ouvrage,
475 3711 597 3774 Gilbert
616 3733 658 3773 ou
671 3709 772 3794 plutot
793 3707 899 3770 Elbert
913 3754 922 3784 ,
938 3713 980 3770 1·“
990 3708 1088 3787 abbe,

104 3839 236 3892 mourut
246 3845 285 3886 en
304 3819 392 3886 1045.
406 3819 450 3880 Or
473 3819 504 3880 la
518 3813 852 3898 Chronique-Bevenot,
864 3812 886 3874 l.
904 3817 945 3891 2,
973 3813 1022 3876 ch.
1046 3835 1088 3892 rx,

104 3932 271 4016 s’exprime
293 3929 370 3990 ainsi
392 3951 401 3986 a
427 3927 484 3987 Hic
508 3931 601 3986 autem
616 3926 655 3984 1).
673 3922 761 3984 abbas
780 3921 914 3982 Elbertus
940 3943 1009 3981 anno
1034 3923 1093 3981 Dei

107 4039 220 4105 Christi
234 4055 350 4112 aneu,
362 4035 435 4095 diem
446 4031 549 4092 clausit
568 4045 730 4091 extremum.
747 4029 816 4088 Post
836 4048 915 4102 ortem
925 4027 964 4086 D.
994 4027 1092 4087 Wal-

107 4149 219 4222 drr'cus,
231 4167 267 4206 ex
280 4145 340 4206 vico
350 4140 537 4204 Brarbutensr'
545 4139 595 4216 qut'
606 4138 708 4200 dicitur
729 4137 833 4198 Lutosa
850 4131 992 4210 oriundus,
1000 4145 1027 4194 et
1036 4134 1094 4194 cle-
