2932 4974
459 581 552 626 nmen
569 581 744 628 onomius.
1062 577 1126 634 205·

146 745 327 841 episcopi,
344 743 390 817 de
405 745 500 818 laico
518 743 722 816 monachus
739 743 875 839 iaetus,
900 745 943 820 u't
960 743 1122 847 nosipsi

146 867 268 964 palam
296 867 485 958 vidimus,
513 865 559 956 de
586 867 697 963 longa
721 866 936 940 infirmitate
957 871 1123 968 sospitati

147 988 314 1070 redditus
327 1003 395 1062 est.
411 990 481 1061 Hic
493 989 691 1079 nimirum,
710 991 827 1085 gratia
842 987 1012 1062 fraternae
1033 994 1122 1065 visi·-

145 1113 309 1201 tntionis,
326 1112 565 1182 Cameracum
580 1111 705 1182 venire
722 1107 933 1207 disponens,
950 1109 1123 1186 domitor

143 1247 329 1333 carperet,
349 1247 451 1304 tanto
464 1234 640 1327 languore
667 1233 891 1330 corripitur,
920 1245 963 1304 ut
990 1257 1123 1334 perve-

141 1358 230 1427 nire
242 1379 319 1428 non
334 1369 470 1454 possets
486 1353 548 1427 sed
565 1357 698 1454 inipso
714 1357 845 1428 itinere
862 1354 963 1454 apud
978 1355 1122 1431 monas·

143 1479 285 1566 terium
298 1479 458 1576 Praejecti
476 1479 664 1572 martyris,
687 1491 856 1576 exeeptus
877 1503 899 1547 a
915 1477 1090 1550 fratribus
1109 1531 1119 1571 ,

144 1599 336 1675 diutinum
354 1613 498 1698 tempus
516 1598 586 1670 sub
606 1597 830 1672 intolerabili
852 1598 980 1672 dolore
1000 1603 1123 1698 exige·-

118 1741 122 1750 ·
144 1737 214 1796 ret.
234 1725 284 1794 Ut
298 1747 387 1795 vero
403 1723 536 1820 parum
552 1720 763 1796 medicinali
785 1747 856 1821 ope
879 1723 1036 1815 refotus,
1062 1727 1122 1796 vix

143 1871 243 1944 equo
272 1843 432 1917 insidere
452 1846 634 1943 potuerit,
659 1843 707 1917 od
729 1845 898 1938 fratrem,
920 1871 996 1918 non
1017 1845 1121 1920 facile

149 1982 291 2060 tamen,
308 1968 393 2040 fecit
405 1993 442 2042 se
455 1967 627 2067 bajulari.
647 1967 720 2039 Ubi
737 1971 847 2040 etiam
863 1967 927 2039 diu
943 1983 1018 2040 tam
1032 1993 1122 2066 gra-

143 2086 249 2164 ·viter'
269 2091 454 2189 elanguit,
481 2105 525 2162 ut
547 2115 633 2162 mox
653 2087 890 2160 moriendum
909 2101 1120 2162 assererent.

143 2215 311 2312 Contigit
336 2230 461 2287 autem
485 2227 526 2286 ut
550 2227 633 2311 post
655 2211 805 2308 longam
834 2209 1122 2307 aegritudinem,

145 2351 258 2410 noete
278 2337 434 2410 solemni
454 2339 522 2408 ΒΒ.
543 2333 810 2424 confessorum,
831 2332 966 2404 scilicet
979 2331 1125 2406 Vedasti

142 2475 258 2560 atque
271 2460 451 2548 Amandi,
470 2460 671 2531 matutinos
687 2429 954 2547 celebraturus,
975 2481 1126 2528 monas-

147 2585 282 2656 terium
299 2587 336 2655 S.
353 2585 498 2676 Maria,
516 2581 672 2680 sumptis
685 2578 845 2670 baculis,
862 2577 1006 2676 ingredi
1026 2582 1125 2654 aesti-

143 2691 279 2780 maret.
309 2708 381 2798 Qui
412 2703 630 2775 mirabiliter
659 2727 681 2772 a
708 2702 787 2772 Deo
815 2703 998 2792 visitatus,
1032 2700 1124 2774 adeo

140 2828 356 2914 oonvaluit,
375 2841 418 2898 ut
434 2826 589 2900 dimissis
602 2824 798 2925 paululum
813 2817 979 2913 baculis,
990 2821 1126 2920 quibus

143 2951 595 3043 sustentabatur,erectus‚
606 2949 684 3047 ipso
698 2945 758 3018 die
773 2944 978 3018 remedium
988 2945 1123 3038 morbi,

144 3095 226 3144 non
241 3075 319 3144 sine
332 3073 536 3144 multorum
554 3071 817 3160 admiratione,
834 3071 997 3140 sentiret.
1014 3065 1125 3160 Quod

146 3193 293 3266 donum
308 3195 447 3265 meritis
468 3197 503 3265 S.
529 3193 597 3266 Dei
619 3194 764 3281 matris,
790 3203 826 3260 ot
845 3189 1124 3288 praelibatorum

146 3313 396 3388 confessorum
413 3337 516 3413 posse
534 3312 691 3384 adscribi
708 3335 785 3382 non
805 3309 963 3382 dubium
977 3325 1042 3383 est.

485 3529 642 3710 (tiso.
710 3591 788 3666 ιν.

212 3833 249 3875 D!
263 3831 330 3875 mu
341 3829 522 3874 ΙΟΜΠΙΙΙΙ
530 3825 723 3872 ΜΑΜΒΙΟΙ
731 3825 836 3868 mm
844 3825 1064 3868 (imilfflldssffl.
1111 3837 1116 3852 ⁴

144 4011 265 4132 Posr
279 4019 542 4128 monasterium
556 4051 592 4127 S.
615 4051 761 4142 Mariae,
783 4050 824 4121 B.
847 4047 958 4122 etiam
979 4044 1130 4156 Gange,
