2906 4970
373 565 430 621 ast
675 571 793 618 onnon.
815 569 894 617 ctu.
908 573 950 616 ar
971 571 1049 618 aaa.

1265 666 1328 679 u-

375 735 590 812 madoribus
620 739 706 810 visae
728 751 815 808 sunt
834 723 1028 826 insudare,
1062 735 1157 810 adeo
1184 751 1227 810 ut
1251 763 1333 838 quo-

374 861 514 930 rumvis
531 861 703 933 manibus
727 860 821 934 forte
842 857 1010 934 lavandis
1029 861 1196 936 sufficere
1210 877 1331 962 posset:

374 983 586 1079 pavimenta
614 1007 764 1082 quoque
788 1007 994 1058 marmorea
1020 965 1136 1057 veluti
1156 987 1331 1077 scatentia,

375 1115 478 1174 tanto
500 1103 646 1202 liquore
660 1106 858 1197 natabant,
877 1119 920 1176 ut
935 1131 978 1180 ex
995 1105 1181 1184 industria
1194 1109 1334 1208 respergi

375 1227 422 1299 ab
434 1231 547 1327 ipsius
560 1229 718 1302 ecclesiae
734 1227 947 1304 custodibus
963 1244 1198 1330 putarentur.
1210 1234 1262 1305 De
1274 1255 1335 1331 quo

376 1349 484 1425 multi
505 1353 685 1450 sapientes
702 1355 867 1445 attoniti,
887 1351 980 1451 quid
999 1357 1223 1454 conjicerent
1236 1357 1336 1430 nesci-

375 1473 505 1565 ebaut,
531 1461 595 1546 sed
612 1499 682 1573 pro
696 1473 862 1547 humano
888 1477 1029 1548 intuitu
1055 1479 1249 1551 imminere
1269 1477 1336 1550 rui·

376 1621 463 1668 nam
491 1597 703 1696 aliquorum
730 1601 944 1698 principum
967 1601 1240 1700 praesagabant,
1259 1623 1333 1701 quos

379 1717 426 1788 ab
454 1719 613 1791 ecclesias
647 1717 818 1792 fidelibus
843 1735 1025 1794 constaret
1046 1747 1120 1795 esse
1139 1720 1330 1823 plorandos.

379 1845 426 1911 Et
440 1865 524 1920 vere
541 1845 691 1942 utique,
710 1867 797 1916 cum
815 1844 1042 1944 paulopost,
1059 1848 1184 1945 primo
1202 1841 1332 1944 quidem

381 1961 474 2054 dux,
484 1960 625 2048 ,deinde
639 1967 839 2064 imperator
853 1967 1092 2040 interierunt:
1110 1993 1265 2068 quorum
1283 1989 1334 2038 ca-

380 2087 479 2159 sibus
493 2101 617 2164 sancta
633 2087 800 2180 ecclesia,
817 2099 859 2161 ut
872 2092 1051 2190 posterius
1065 2089 1202 2166 dicturi
1214 2110 1332 2176 sumus,

382 2209 644 2307 desolationem
662 2237 889 2312 comparasse
903 2212 1084 2312 deplorat.

674 2435 834 2617 ditty.
884 2493 1083 2570 xxxu.

384 2756 508 2797 courm
531 2755 679 2798 sosarnus
703 2753 741 2796 ao
758 2754 922 2795 assurum
943 2755 1065 2798 manica
1090 2757 1151 2797 rur.
1172 2758 1210 2799 rr
1229 2749 1336 2798 nomn

409 2836 497 2878 araas
514 2835 708 2879 rumoonmr.
725 2833 764 2876 ao
780 2834 947 2878 nuuronuu
955 2834 1128 2882 ramercurt.
1145 2831 1338 2882 mansus.

411 2915 449 2956 nr
471 2914 619 2956 asserunt.
641 2913 812 2956 rurmron
838 2913 910 2956 usos
931 2913 969 2954 ur
990 2913 1068 2956 sarrs
1093 2913 1194 2960 nonar
1217 2909 1336 2960 mum

412 2993 541 3034 nunna.

384 3170 503 3280 Hinc
516 3219 639 3280 autem
650 3207 851 3305 imperator
865 3230 1039 3304 egressus,
1050 3203 1097 3278 ad
1104 3196 1340 3294 Erosium,vil·

383 3329 457 3401 lam
473 3327 782 3429 pulcherrimam,
806 3353 920 3429 quam
934 3331 975 3400 B.
985 3327 1156 3401 videlicet
1169 3319 1339 3425 Gangeriri

384 3455 553 3526 nativitas
579 3453 808 3544 inlustravit,
838 3475 923 3524 cum
954 3450 1183 3551 primoribus
1210 3445 1338 3551 quidem

382 3601 535 3648 suorum
562 3577 811 3676 palatinorum
833 3574 1012 3668 intendit,
1035 3575 1088 3648 ibi
1115 3575 1249 3648 scilieet
1270 3589 1337 3643 eum

383 3697 559 3770 Rotberto
579 3723 662 3798 rege
681 3697 910 3798 colloquium
938 3697 1151 3790 habiturus,
1172 3697 1235 3770 sed
1255 3705 1286 3766 st
1302 3685 1339 3758 de

383 3833 480 3892 statu
497 3821 663 3918 imperii,
681 3847 723 3894 ac
738 3845 814 3894 non
833 3836 977 3894 tantum
992 3819 1038 3895 de
1053 3820 1266 3908 mundanis,
1286 3835 1338 3884 re·

385 3969 468 4016 rum
483 3943 529 4016 de
543 3944 796 4044 spiritualibus
809 3945 1001 4020 locuturus
1012 3969 1020 4016 a
1030 3947 1212 4044 sapienter
1219 3925 1337 4040 quippe

385 4067 579 4167 disposito,
596 4073 690 4142 utin
712 4095 756 4143 eo
774 4071 875 4166 loco,
899 4069 965 4143 ubi
988 4064 1338 4146 beatissimum‘Gan·
