2906 4970
351 511 410 604 {ld
656 550 775 597 Cimoli.
795 547 873 594 CAH.
891 547 934 592 ET
950 545 1028 590 m.

353 747 405 806 est
427 732 562 806 servari
583 729 755 829 subjectis
782 727 852 802 sihi
881 723 1041 826 populis.
1071 723 1176 794 Unus
1201 745 1336 794 eorum

354 855 499 929 coelitus
515 853 584 928 sibi
601 850 738 924 delatas
751 848 843 922 dixit
855 871 929 922 esse
945 847 1088 937 literas,
1104 870 1190 946 quae
1203 869 1336 946 pacem

355 973 806 1051 monerentrenovandam
824 976 990 1046 interra.
1013 972 1133 1063 Quam
1141 995 1222 1042 rem
1233 995 1334 1043 man-

356 1099 458 1174 davit
481 1101 640 1191 caeteris,
665 1113 701 1170 et
730 1095 810 1170 haec
831 1093 1012 1170 tradenda
1042 1092 1151 1188 dedit
1169 1093 1335 1193 populis.
1433 1103 1434 1116 ¹

355 1229 467 1298 Arma
482 1225 678 1322 quisquam
696 1246 772 1294 non
789 1220 919 1312 ferret,
933 1217 1079 1319 direpta
1093 1203 1170 1292 non
1189 1233 1337 1318 repete-

356 1361 430 1420 ret:
446 1349 502 1419 sui
517 1347 721 1443 sanguinis,
737 1345 796 1418 vel
822 1343 1018 1443 cujuslibet
1046 1343 1203 1442 proximi
1238 1341 1337 1412 ultor

356 1472 509 1542 minime
523 1470 695 1559 existens,
712 1467 986 1566 percussoribus
1000 1479 1193 1564 cogeretur
1208 1463 1336 1538 indul-.

355 1617 458 1691 gere:
471 1592 657 1690 jejunium
674 1591 713 1660 in
728 1615 823 1689 pane
837 1603 873 1662 et
886 1613 1001 1689 aqua,
1018 1591 1119 1661 omni
1135 1603 1236 1664 sexta
1249 1590 1335 1664 feria
1435 1611 1436 1616 ’

356 1715 608 1808 observarent,
625 1728 660 1786 et
678 1716 716 1784 in
730 1711 911 1786 sabbatho
925 1739 947 1785 a
960 1716 1336 1813 carneetpinguami-

359 1862 425 1931 ne,
458 1838 610 1937 soloque
639 1837 710 1912 boc
731 1841 894 1912 contenti
919 1839 1064 1938 jejunio
1091 1839 1131 1908 in
1163 1840 1334 1910 omnium
1436 1869 1437 1876 ¹

356 1975 590 2060 peccatorum
613 1960 876 2053 satisfactione,
902 1960 1044 2032 nullam
1065 1985 1103 2032 se
1122 1961 1263 2033 scirent
1292 1959 1335 2032 ab

356 2087 406 2157 eis
423 2085 532 2157 uliam
548 2083 794 2188 adjiciendam
811 2086 1090 2184 poenitentiam,
1115 2099 1152 2157 et
1173 2083 1258 2158 haec
1279 2109 1335 2159 sa·
1437 2113 1438 2116 ¹

356 2216 544 2292 eramento
558 2235 594 2282 se
608 2233 751 2282 servare
768 2208 971 2281 firmarent.
989 2207 1098 2301 Quod
1114 2212 1178 2310 qui
1199 2209 1334 2304 nollet,

358 2330 621 2406 christianitate
638 2335 868 2432 privaretur,
885 2346 921 2406 et
935 2346 1127 2406 exeuntem
1141 2331 1187 2405 de
1201 2335 1336 2408 saeculo

360 2455 484 2528 nullus
513 2459 693 2550 visitaret,
728 2483 794 2530 nec
824 2455 1022 2556 sepulturae
1053 2455 1225 2530 traderet.
1260 2455 1334 2530 Alia

360 2603 510 2679 quoque
526 2580 776 2680 importabilia
791 2607 904 2680 quam
919 2580 1028 2680 plura
1043 2577 1227 2653 dederunt
1242 2607 1336 2653 man·

361 2701 466 2794 data,
487 2729 570 2804 quae
585 2707 688 2777 oneri
709 2707 785 2778 visa
803 2719 890 2778 sunt
914 2703 1103 2804 replicare.
1128 2705 1205 2777 lIac
1229 2705 1335 2778 nori-

362 2839 434 2896 tate
449 2827 613 2925 pulsatus
630 2826 797 2901 mandati
814 2827 948 2927 praesul
972 2839 1114 2919 noster,
1138 2826 1335 2899 infirmita-

362 2950 464 3045 tique
504 2954 737 3048 pcccantium
780 2949 1103 3043 condescendens,
1132 2949 1333 3024 seeundum

364 3069 509 3143 decreta
540 3087 751 3146 sanctorum
785 3087 954 3174 patrum,
984 3073 1032 3145 ad
1063 3073 1207 3171 singula
1229 3097 1333 3148 suum

364 3193 535 3268 formavit
552 3196 757 3298 eloquium.
780 3201 906 3270 Genus
929 3195 1136 3270 humanum
1160 3195 1209 3268 ab
1233 3198 1333 3268 initio

364 3317 541 3392 trifariam
556 3319 714 3394 divisum
731 3346 803 3394 esse
818 3321 1051 3410 monstravit,
1063 3321 1099 3390 in
1109 3321 1332 3410 oratoribus,

363 3443 664 3540 agricultoribus,
682 3445 969 3544 pugnatoribus3
986 3441 1196 3542 horumque
1211 3447 1336 3542 singu-

362 3562 417 3636 los
441 3565 661 3638 alterutrum
687 3563 833 3639 dextera
852 3567 1017 3666 laevaque
1033 3565 1167 3656 foveri,
1191 3565 1335 3641 evidens

365 3683 632 3760 documentum
657 3687 773 3762 dedit.
802 3694 999 3764 Oratorum
1020 3715 1041 3761 a
1061 3689 1184 3764 sarculi
1207 3713 1334 3764 vacans

364 3813 536 3910 negotiis,
554 3811 645 3886 dum
660 3813 708 3886 ad
728 3815 849 3888 Deum
867 3813 969 3888 vadit
989 3817 1166 3908 intentio;
1191 3838 1335 3913 pugna-

364 3936 504 4010 toribus
532 3935 659 4032 debet,
687 3937 790 4038 quod
815 3954 941 4012 sancto
965 3963 1090 4013 secura
1117 3951 1222 4010 vacat
1244 3939 1332 4028 otio,

335 4081 339 4092 ·
364 4059 664 4156 agricultoribus,
684 4061 786 4162 quod
801 4089 930 4137 eorum
952 4061 1141 4138 laboribus
1158 4059 1334 4162 corporali
