2906 4970
130 544 629 556 ...m-um-
636 545 906 556 ——n--bffl-..om-..a
920 545 1063 554 *om-au·-

470 593 564 639 trena
581 595 729 642 neurius.
868 625 872 634 .
1034 585 1091 639 399

120 754 225 846 obiit,
249 753 454 828 secundum
477 753 581 854 quod
600 759 775 854 scriptum
795 770 868 830 est:
906 758 1091 830 Generalis

119 877 176 973 (1)
195 883 380 972 impierum
394 878 527 972 peribit
548 878 662 975 (Psal.
690 878 750 949 36.
774 879 873 976 ea).
903 877 1091 950 lohannes

117 1022 220 1090 sero,
236 1003 296 1072 cui
315 1012 433 1072 mater
447 1001 554 1098 pueri
568 1014 762 1100 nupserat,
782 1002 921 1099 quique
934 1024 1001 1099 per
1015 1025 1090 1072 ma·

118 1132 206 1192 trem
223 1121 448 1194 beneficium
469 1123 576 1223 pueri
593 1125 795 1214 invaserat,
822 1121 1010 1194 nitebatur
1028 1135 1093 1192 ant

115 1243 169 1334 vi,
184 1257 248 1315 aut
262 1241 351 1315 dolo
365 1244 461 1317 illud
473 1245 542 1318 sibi
558 1244 815 1337 transducere,
831 1243 934 1344 quod
946 1243 1003 1316 lex
1017 1243 1095 1315 nul·

116 1361 150 1434 la
166 1364 235 1436 sibi
250 1366 498 1464 permittebat.
516 1371 630 1440 Porro
646 1381 757 1439 utres
773 1365 952 1440 faciliores
975 1364 1096 1440 hahe-

115 1498 171 1556 ret
187 1484 350 1578 effeetus,
369 1490 481 1588 eoepit
496 1491 617 1587 ipsum
641 1490 689 1560 G.
717 1487 931 1588 pontificem
951 1489 1094 1585 magnis

117 1606 306 1680 sollicitare
321 1612 637 1708 promissionibus,
647 1613 846 1710 etpecunia
856 1634 1094 1710 corrumpere

118 1733 331 1803 necessarios
363 1746 399 1803 et
425 1731 619 1807 familiares
655 1737 745 1833 ejus.
782 1736 902 1834 Hujus
937 1731 1091 1831 quidem

119 1853 275 1944 consilii,
303 1856 346 1925 L.
380 1857 477 1928 inter
501 1855 626 1929 fideles
651 1851 836 1956 pontilicis
866 1857 1092 1955 sapientissi-

119 1997 219 2046 mum
229 2028 239 2068 ,
249 1979 466 2077 participem
475 2003 548 2051 esse
556 1981 697 2072 noluit,
713 1984 844 2052 timens
859 2003 905 2051 ne
921 1977 1092 2077 pruden-

120 2095 166 2166 tia
179 2110 215 2169 et
226 2095 402 2170 fidelitate
410 2102 488 2197 ejus
500 2100 547 2171 ab
560 2103 709 2199 incepto
716 2089 969 2200 repelleretur.
983 2096 1093 2169 Unde

118 2229 159 2288 ut
173 2244 261 2292 eum
278 2220 484 2294 aeonsultn
501 2220 687 2319 pontificis
705 2223 814 2320 longe
834 2221 986 2310 faceret,
1011 2233 1048 2291 et
1072 2243 1093 2290 a

118 2341 262 2414 civitate
276 2342 407 2441 procul
423 2342 638 2440 expelleret,
655 2343 819 2418 confictis
836 2343 951 2418 causis
964 2343 1094 2414 inimi-

119 2463 217 2536 citias
232 2465 266 2536 ei
283 2463 533 2536 insimulabat.
550 2464 693 2556 Quibus
708 2468 738 2538 si
754 2466 855 2538 locus
869 2478 976 2558 esset,
996 2489 1095 2538 mor·

120 2595 190 2655 tem
214 2588 327 2658 etiam
347 2587 381 2656 ei
401 2583 623 2658 collaturum
644 2586 829 2687 plerisque
853 2588 1090 2691 revelaverat.

119 2706 260 2780 Interea
276 2707 323 2776 G.
340 2708 529 2804 episeopus
544 2705 821 2798 infirmabatur,
841 2723 980 2781 etcum
1002 2721 1094 2780 aeta-

120 2829 162 2900 tis
189 2828 386 2926 decrepitae
407 2828 591 2919 molestia,
615 2843 731 2902 aeutae
754 2829 864 2904 febris
888 2828 1094 2904 valitudine

122 2951 343 3049 angebatur,
359 2953 410 3024 ita
424 2964 467 3022 ut
482 2975 505 3022 a
519 2948 728 3044 demuma,
749 2954 818 3025 nisi
843 2952 992 3026 alterius
1012 2977 1095 3026 ma-

122 3071 230 3146 nibus
245 3085 474 3172 exportatus,
489 3073 586 3146 exire
601 3099 679 3147 non
696 3073 851 3167 valeret,
875 3101 996 3175 neque
1017 3073 1096 3148 dis-

122 3217 260 3291 ponere
287 3194 380 3294 qnid
407 3195 476 3268 sibi
503 3195 559 3268 vel
580 3195 793 3294 reipublicae
812 3197 902 3268 utile
925 3211 1027 3272 esset.
1044 3198 1092 3270 D.

121 3340 205 3390 vero
222 3321 266 3390 L.
284 3343 371 3392 cum
387 3342 431 3390 eo
445 3315 587 3388 assidue
606 3343 771 3390 essenon
792 3331 955 3415 poterat,
978 3344 1097 3417 prop-

123 3452 174 3511 ter
208 3442 434 3515 simultatem
467 3453 503 3510 et
539 3439 719 3512 invidiam
764 3465 878 3540 quam
923 3438 1097 3532 adversus

121 3585 205 3636 eum
223 3563 412 3636 Johannes
426 3559 617 3636 inserebat.
634 3562 795 3664 Ideoque
810 3563 911 3664 apud
926 3565 1098 3638 Novum-

121 3685 290 3759 Castrum
321 3688 356 3758 S.
388 3686 534 3776 Mariae,
563 3684 738 3758 eustodiae
768 3690 847 3786 ejus
876 3687 1097 3789 deputatum

121 3809 351 3901 morabatur,
367 3810 436 3880 nisi
451 3806 653 3908 aliquando
669 3811 902 3911 episcopum,
919 3809 1098 3890 refocilla-

155 4086 166 4150 (
178 4084 189 4136 l
204 4086 215 4154 )
234 4091 271 4138 ιι
279 4083 390 4158 vulgate
402 4085 444 4138 dit
454 4101 546 4140 semen.
