3088 4968
559 577 652 626 idm
668 577 796 626 mutue.
1132 573 1165 627 ³1

184 741 311 817 dicere
326 740 507 834 audeant,
524 743 594 815 nisi
609 766 700 841 quas
712 767 798 816 cum
812 745 991 843 permissu
1015 756 1051 815 et
1081 769 1169 818 con·

181 865 268 938 silio
295 867 458 964 episcopi
484 888 592 961 agere
618 865 667 936 eis
687 863 799 940 fuerit
825 866 978 940 omnino
1005 867 1166 964 permis-

181 1011 285 1059 sum.
309 989 403 1058 Item
430 983 578 1076 viduas,
607 1009 691 1082 quse
718 1011 755 1058 se
785 983 938 1057 domino
962 981 1186 1060 consecrari*

182 1110 398 1206 petierunt,
417 1105 473 1178 vel
486 1105 626 1204 puellas
646 1104 800 1179 domino
814 1121 1056 1197 consecratas,
1075 1107 1166 1179 nul-

181 1225 246 1300 lus
270 1253 389 1326 neque
407 1251 474 1326 per
495 1228 750 1300 auctoritatem
764 1231 922 1326 regiam,
939 1254 1059 1328 neque
1075 1254 1165 1329 qua·

178 1349 362 1448 licunque
375 1361 551 1454 potestate
570 1347 759 1441 suffultus,
784 1363 849 1422 aut
868 1353 1019 1450 propria
1046 1364 1163 1424 teme-

181 1475 295 1546 ritate
307 1495 451 1570 rapere,
466 1471 524 1544 vel
541 1470 684 1544 trahere
691 1469 838 1544 audeat.
854 1470 1000 1564 Quodsi
1015 1475 1165 1570 utrique

180 1593 454 1685 consenserint,
489 1595 752 1668 communione
783 1594 994 1692 priventur.
1026 1596 1164 1666 Proeter

179 1713 264 1790 haec
284 1718 396 1790 etium
414 1716 486 1790 alin
512 1715 630 1788 multa
650 1729 803 1789 tractate
823 1729 931 1806 sunt,
965 1741 1049 1814 quse
1075 1716 1162 1788 licet

179 1839 266 1912 sutis
286 1837 412 1930 utilis,
431 1851 555 1912 tamen
568 1837 802 1937 breviloquio
817 1835 1039 1938 gaudentes,
1054 1861 1157 1939 prae-

182 1958 364 2034 tereunde
383 1961 656 2034 estimavimus.

567 2200 729 2384 tiso.
781 2265 889 2350 xv.

185 2530 250 2570 nro
270 2530 425 2575 rusum.
443 2529 500 2570 nnn
516 2531 547 2572 m
561 2531 695 2574 etentes
713 2534 734 2572 s.
749 2533 927 2578 esnesmcr,
948 2533 970 2573 s.
991 2531 1162 2574 nsuornrco

444 2609 608 2650 rnrnrsm
628 2611 907 2672 consumemur.

185 2826 276 2938 Sur
310 2860 426 2963 hujus
463 2876 627 2966 tempore
660 2863 723 2938 fur
762 2863 916 2966 quidam
960 2867 1163 2966 intempes-

184 2997 221 3055 ta
236 2999 342 3060 nocte
372 2985 558 3061 basilicam
581 2991 616 3061 S.
645 2991 841 3089 Gangetici
873 2991 1075 3090 ingressus,
1102 3015 1162 3063 sa-

185 3130 291 3180 crum
334 3110 404 3182 viri
438 3109 697 3212 sepulchrum,
745 3110 847 3212 quod
884 3114 980 3184 miro
1015 3111 1161 3185 artificii

185 3252 296 3327 opere
319 3257 409 3306 auro
437 3247 473 3306 et
502 3237 655 3332 gemmis
681 3233 881 3327 renitebat,
904 3233 1061 3334 spoliare
1092 3259 1162 3307 cu-

188 3350 323 3448 piebat.
346 3361 391 3427 At
417 3357 475 3430 vir
502 3354 645 3426 domini
666 3357 820 3454 janitori
847 3379 914 3426 suo
943 3381 1009 3452 per
1035 3355 1159 3425 visum

186 3479 375 3574 apperuit,
389 3479 684 3578 memoriamque
703 3499 806 3547 suam
828 3501 848 3547 a
863 3471 1069 3546 latronibus
1085 3487 1162 3546 ten-

184 3609 297 3668 tatam
325 3601 388 3698 (1)
420 3601 629 3692 intimavit,
661 3597 889 3672 denuncians
931 3611 974 3670 ut
1007 3610 1159 3698 captum

181 3717 305 3792 furem
334 3724 413 3794 sine
447 3725 594 3800 laesioue
625 3722 728 3798 abire
760 3723 1006 3824 permitteret,
1039 3721 1163 3820 ‘licque

184 3838 323 3914 factum
341 3857 407 3918 est.

223 4072 278 4141 (ι)
294 4077 326 4124 r.
341 4073 548 4146 sompnum.
