2956 4966
421 597 483 644 suu
500 599 559 644 sus
577 574 793 646 sumemus.
1047 593 1102 648 sss

124 759 231 822 danieli
241 759 529 842 pmelnriiau'ugioe,
540 761 589 823 ubi
597 763 689 835 mulsi,
701 783 781 823 suero
792 763 857 844 igne
867 765 997 826 interiora
1008 785 1105 826 coruu-

123 879 222 940 mente,
230 879 486 942 computrescenus,
498 867 590 926 exesis
602 867 731 928 membris
742 868 830 929 instar
840 869 985 930 carbasum
994 872 1105 950 nigres-

124 971 264 1045 centibus,
281 985 330 1032 mu
343 971 539 1033 miserabiliter
554 974 723 1049 moriemur,
739 985 788 1033 mel
801 974 926 1034 nmm'bus
939 975 1104 1049 aspidibus

121 1075 288 1154 memefirctis
298 1078 433 1150 mummi,
450 1077 649 1139 miserabiliori
659 1079 723 1138 vitu
740 1094 917 1141 reserventur
924 1126 935 1154 ,
948 1080 1030 1140 nuelli
1036 1101 1103 1140 uero

123 1201 269 1242 neruoeum
282 1183 462 1244 conmunione
472 1183 582 1244 distorti
594 1199 798 1246 sornieruannu.
817 1184 859 1246 Lu
875 1184 1044 1266 chromque
1062 1184 1102 1247 de

123 1281 431 1359 lumbers-le-Petiu
453 1307 523 1348 suus
545 1286 576 1348 la
598 1288 700 1350 meme
720 1289 816 1351 annis
839 1291 935 1367 1089,
953 1301 1040 1372 porte
1054 1309 1103 1350 ces

124 1401 205 1450 mois
216 1413 225 1449 ε
238 1391 398 1466 pestiiemia
408 1394 541 1452 terribilis
552 1405 579 1453 st
588 1395 735 1468 multiplex
745 1396 907 1457 ardentium.

494 1609 659 1708 inanitus
684 1612 767 1676 vll.

161 1831 231 1892 Post
243 1829 324 1911 nujus
333 1844 455 1905 mortem,
471 1832 655 1909 undecumque
668 1833 786 1907 pessimi
798 1847 936 1905 coepemm
947 1853 1100 1913 emergere.

123 1961 155 1974 -
167 1961 181 1988 a
195 1933 290 2015 Apris
299 1933 331 1994 lu
340 1945 423 1994 mort
434 1933 585 2017 l'ivesque
597 1933 726 2013 Gernrd,
734 1935 779 1997 dit
788 1933 819 1998 ln
829 1933 998 2016 chronique
1007 1933 1105 2015 pre'ei-

122 2037 189 2113 tie,
211 2051 244 2100 ot
270 2038 437 2101 dissention
468 2051 499 2100 et
520 2053 608 2122 grant
630 2040 751 2103 discovd
772 2053 856 2102 entre
874 2040 902 2101 le
924 2037 1046 2122 clergiet
1065 2036 1106 2099 de

122 2141 283 2228 Gambrey.
302 2143 334 2206 Si
345 2142 499 2206 n’eslireut
510 2167 640 2229 evesque
655 2167 693 2208 eu
708 2159 794 2229 grant
810 2159 918 2227 temps.
934 2143 966 2204 Si
979 2146 1106 2205 estoient

122 2249 224 2312 moult
236 2250 303 2334 hay'
314 2261 344 2312 et
353 2250 456 2312 blame}
467 2251 531 2313 dou
543 2251 643 2333 peule.
661 2251 701 2314 Et
713 2264 809 2334 quant
822 2254 867 2314 vit
886 2251 908 2312 li
924 2248 1028 2331 peules
1044 2271 1105 2331 que

121 2355 144 2418 li
163 2376 277 2418 canone
301 2377 341 2418 ne
360 2356 500 2418 fuisoient
516 2359 578 2419 mie
596 2379 757 2440 evesques,
771 2359 795 2419 si
808 2357 883 2439 qu'il
895 2357 1065 2432 deuissent,
1079 2356 1106 2417 si

121 2459 340 2523 assemblerent
351 2473 454 2523 contre
464 2459 544 2523 Dieu
564 2473 594 2524 et
613 2461 657 2524 les
676 2461 759 2524 dsois
774 2461 813 2523 de
832 2463 927 2522 sainte
945 2459 1054 2544 e'glise,
1074 2470 1106 2522 et

121 2563 258 2628 indrent
270 2586 331 2627 une
341 2565 507 2642 audiente,
522 2577 552 2628 et
563 2569 698 2646 jurevent
711 2569 863 2629 entv‘iuux
873 2565 951 2649 qu'il
964 2587 1003 2628 ne
1013 2567 1106 2628 seruit

121 2692 268 2754 evesques
283 2693 323 2734 ue
341 2671 437 2748 chile,
453 2693 492 2734 ne
510 2671 610 2734 chiuls
626 2671 754 2750 aslues,
780 2675 856 2734 mnis
876 2670 981 2733 ehiulx
999 2691 1061 2752 que
1079 2669 1104 2731 li

121 2797 294 2860 empersres
306 2779 483 2840 envoieroit.
499 2776 574 2838 Puis
584 2789 617 2839 nt
627 2777 648 2838 li
660 2775 766 2859 peules
778 2775 879 2838 consel
892 2775 968 2856 qn'il
979 2775 1106 2838 envoie-

120 2885 222 2945 soient
243 2881 273 2944 le
292 2881 401 2944 croche
423 2882 575 2966 l’evesque
592 2903 611 2944 a
630 2882 811 2964 l'empereuv
829 2880 933 2964 Hensq
947 2879 976 2942 le
993 2879 1101 2941 tinch.

120 2987 206 3049 Doni
224 2985 274 3048 fus
292 3005 362 3068 pres
382 2985 433 3048 del
450 3000 553 3068 portes
566 3008 624 3049 uns
639 2985 775 3069 gentiulx
795 2985 887 3048 home
904 2985 959 3067 qui
979 2995 1012 3045 ot
1030 3005 1105 3046 nom

118 3092 297 3170 Mnsselins,
312 3111 422 3174 pvevos
439 3090 479 3153 de
498 3091 627 3174 l'iglise,
644 3105 673 3153 et
686 3091 733 3154 dit
750 3113 811 3172 que
824 3091 939 3153 c’estoit
951 3111 997 3152 see
1009 3089 1101 3154 druis.

119 3197 202 3262 Mais
213 3197 313 3260 moult
329 3210 390 3260 toet
404 3197 433 3260 le
444 3195 593 3258 consedit
601 3194 765 3271 Eulebaus,
782 3207 913 3256 cointres
925 3193 963 3256 de
973 3193 1102 3277 l'igl'ue,

121 3318 151 3366 et
164 3305 213 3368 vlit
229 3325 290 3387 que
304 3303 418 3366 c’estnit
434 3302 458 3364 li
479 3306 557 3364 siens
573 3301 665 3363 dreis.
689 3302 774 3363 Ainsi
799 3302 994 3361 escrimerent
1012 3299 1105 3382 loug-

120 3425 221 3494 temps
231 3431 309 3491 pour
323 3422 427 3491 poster
437 3408 467 3470 le
482 3407 608 3484 croche,
623 3419 653 3469 et
670 3427 709 3468 ne
725 3406 760 3468 fu
773 3425 827 3486 pes
837 3403 992 3487 portin...
1009 3404 1106 3486 Apris

120 3539 152 3580 se
166 3516 320 3580 assemblu
333 3515 357 3578 li
371 3513 493 3598 peules,
513 3527 544 3576 et
560 3513 684 3576 eslirent
703 3532 885 3594 evesques...
908 3512 962 3593 qui
983 3522 1017 3572 ot
1030 3530 1105 3572 nom

120 3623 296 3700 Meussses,
313 3623 402 3686 home
420 3626 506 3703 jones
525 3620 609 3682 d'ans
622 3619 704 3682 etde
718 3639 830 3681 meurs.
848 3616 959 3696 Quund
973 3637 1007 3678 ce
1023 3613 1104 3678 vitli

122 3729 263 3813 devq'sis,
278 3730 303 3790 si
316 3729 419 3790 iurent
429 3727 591 3790 duremnt
604 3723 743 3801 tourble'‚
760 3737 791 3786 et
800 3724 924 3786 eslirent
933 3743 988 3806 par
1000 3721 1104 3786 divine

120 3837 302 3916 inspiration
315 3855 357 3896 un
371 3833 463 3896 noble
481 3833 625 3910 homme,
641 3853 728 3915 suge,
744 3830 912 3914 religieux,
927 3839 1049 3911 prevost
1065 3826 1105 3888 de

120 3939 251 4022 l’iglise,
265 3941 449 4022 quiotnom
469 3937 637 4000 Masselius.
657 3935 768 4017 Quand
788 3931 975 4008 senisentli
992 3931 1059 4014 lay,
1078 3933 1104 3993 si

122 4045 227 4107 iurent
237 4043 322 4126 plain
332 4047 411 4107 aussi
427 4065 547 4106 comme
557 4043 597 4106 de
605 4043 843 4106 innexueris...
857 4051 887 4100 et
896 4041 1032 4118 juverent
1043 4055 1104 4117 que

121 4149 277 4215 Menasses
291 4153 383 4216 serait
396 4169 557 4234 evesques,
579 4149 658 4215 celui
676 4148 751 4234 qu'il
771 4148 894 4212 nvoient
910 4142 986 4216 eslii.
1007 4142 1104 4224 Apris
