3044 4968
379 574 436 630 ηδ
682 575 801 622 onnon.
821 575 901 622 eu.
917 577 959 622 ιτ
976 575 1053 621 aaa.

377 744 508 843 petiit,
537 738 664 812 villam
689 737 865 811 Lambras
893 759 1081 838 quaeum
1102 732 1301 830 oondnxit,
1321 740 1360 814 vi

378 863 585 948 reextorsit,
606 861 768 932 minatus
781 883 886 953 sane,
903 856 1007 960 quod
1025 861 1055 930 si
1072 883 1153 930 eam
1166 854 1359 934 vindicare

378 996 634 1085 praesumeret,
648 995 741 1056 totas
754 981 933 1056 Flandras
945 984 979 1055 ei
993 981 1242 1055 combureret.
1256 981 1362 1053 Prae·

379 1120 478 1180 terea
495 1103 587 1178 duas
605 1103 709 1178 villas
732 1105 905 1202 Coureng
921 1117 958 1176 et
972 1107 1146 1176 Femoras
1168 1100 1217 1172 ab
1239 1101 1361 1174 eoele-

379 1231 432 1302 sia
451 1241 584 1302 sanetae
606 1227 677 1300 Dei
699 1227 826 1300 matris
845 1223 998 1302 divulsit
1019 1239 1057 1305 et
1076 1220 1360 1299 enidammiliti

380 1346 623 1426 beneficiavit.

630 1521 799 1704 disp,
853 1561 1099 1645 nxxxn.

393 1838 445 1884 nm
457 1837 541 1880 CM!
555 1835 685 1884 lifflffl',
693 1836 732 1878 ΕΤ
748 1835 835 1880 mos
846 1836 1043 1886 fflffl'ffl'l'.
1055 1836 1142 1880 flam
1158 1835 1343 1885 uuum.

381 2012 574 2128 Evomm
587 2061 711 2122 autem
726 2047 855 2150 aliquo
870 2051 1047 2152 temporis
1063 2049 1273 2143 intervallo,
1288 2049 1359 2124 sibi

380 2171 673 2272 apopulofaetae
687 2169 990 2246 dehonorationis
1000 2173 1249 2265 reminiscens,
1261 2173 1360 2250 socie

378 2296 527 2392 agmina
553 2296 738 2386 evocavit,
762 2295 931 2394 civesque
956 2297 1124 2393 incantos
1144 2292 1263 2368 subita
1288 2296 1358 2366 in-

379 2417 548 2490 cursione
562 2417 715 2508 invasit,
731 2415 970 2518 palantesque
979 2415 1166 2509 feriendo,
1182 2414 1359 2514 usquead

379 2539 644 2638 monasterium
653 2539 690 2608 S.
702 2539 898 2636 Gangeriei
908 2552 1195 2639 persecutusest.
1210 2539 1359 2615 Novum

379 2685 495 2760 genus
522 2656 741 2759 spectaculi!
763 2661 952 2734 Continuo
978 2686 1139 2762 namque
1159 2664 1292 2734 armati
1311 2663 1360 2736 li«

377 2807 463 2854 men
478 2783 711 2856 sanctissimae
735 2780 823 2856 aedis
847 2783 986 2883 absque
1007 2783 1222 2858 reverentiae
1244 2779 1358 2856 modo

377 2906 644 3002 irrumpentes,
661 2903 750 2976 alios
767 2903 1050 2998 interfecerunt,
1071 2903 1162 2978 alios
1182 2896 1359 2978 truncatis

378 3023 551 3097 manibus
565 3022 773 3124 etpedibus
787 3023 1114 3121 demembrarunt3
1135 3024 1360 3126 quibusdam

379 3169 467 3219 vero
479 3127 609 3217 'oculos
637 3143 829 3219 fodiebant
844 3200 855 3239 ,
870 3145 1095 3247 quibusdam
1109 3147 1248 3221 frontes
1262 3146 1361 3220 ferro

379 3266 533 3342 ardente
553 3267 746 3342 notabant.
769 3268 914 3344 Deinde
934 3283 1059 3344 autem
1076 3269 1221 3344 lanceas
1242 3271 1361 3343 inter-

379 3389 560 3464 fectorum
587 3405 625 3466 et
648 3391 808 3464 aliorum
838 3406 961 3493 captas
999 3395 1013 3490 (
1051 3393 1160 3465 sicuti
1201 3390 1360 3467 furiosus

377 3515 504 3610 erat,)
528 3526 705 3611 carpento
719 3512 768 3584 ad
791 3515 986 3588 cumulum
1000 3515 1143 3615 imponi
1163 3518 1357 3615 praecepit,

377 3647 414 3706 et
432 3631 766 3706 adinsinuandam
783 3659 859 3708 suae
887 3635 1039 3710 ultionis
1055 3649 1167 3737 atque
1194 3639 1355 3712 victoriae

377 3777 575 3853 pompam,
591 3753 639 3826 ad
654 3755 839 3855 praedium
849 3782 959 3831 suum
974 3761 1014 3831 in
1028 3757 1155 3832 villam
1171 3758 1354 3856 videlieet,

376 3877 437 3948 cni
452 3899 589 3948 nomen
604 3879 844 3975 Betencorth‚
862 3882 936 3956 suis
954 3879 1198 3960 familiaribus
1213 3886 1356 3963 mittere

375 3993 570 4075 festinavit.
