2956 4966
394 514 785 531 Μ

396 555 454 610 m
686 565 793 613 NOTES
817 567 904 614 BIST.
929 569 971 614 ET
995 567 1080 614 PRIL.

396 730 532 793 maudoit
541 731 595 794 nul
610 735 723 797 service
731 734 770 795 de
782 755 814 795 se
829 737 966 796 maisnie.
976 780 985 795 .
997 779 1022 796 ..
1037 763 1050 790 n
1068 734 1174 798 Meme
1186 737 1326 812 chroniqroe.

729 929 895 1028 enemim
915 944 1016 1008 xvr.

433 1153 590 1228 Gerardus‚
599 1153 850 1213 Μαὶιιιι-Ρίῖίαιιεν
858 1152 1073 1232 cognominatus.
1083 1195 1115 1206 -
1123 1148 1259 1223 Gerard,
1271 1149 1321 1210 sire
1326 1145 1355 1208 de

394 1255 576 1318 St.-Aubert
585 1302 592 1332 ‚
601 1255 641 1317 de
648 1255 804 1339 Busignies
814 1303 822 1334 ,
831 1256 870 1318 de
884 1255 1012 1335 Quie'vi,
1030 1253 1234 1336 avaitepouse
1243 1252 1355 1314 Ermen-

391 1361 483 1446 garde
493 1361 607 1437 d'oisi,
623 1361 686 1424 fille
699 1362 738 1424 de
751 1363 875 1445 Hugues
889 1363 938 1440 11,
953 1359 1105 1424 chetelain
1122 1360 1162 1423 de
1173 1361 1308 1422 cambrai
1317 1373 1355 1438 ‚et

394 1467 586 1530 d’flildiarde
599 1467 638 1529 de
652 1467 753 1530 Mons.

435 1603 448 1628 ι
466 1574 559 1636 Aicel
574 1587 673 1655 temps
684 1577 773 1636 estoit
786 1597 843 1636 uns
859 1577 951 1636 homs
968 1575 1068 1636 moult
1084 1577 1227 1656 puissens
1237 1571 1356 1635 enGern·

390 1677 497 1755 bresis,
510 1681 564 1760 qui
579 1692 612 1740 ot
626 1699 700 1740 nom
710 1679 822 1741 Gerars
836 1667 1061 1742 Maufillasrres.
1076 1676 1108 1741 Si
1119 1680 1171 1742 fist
1191 1685 1213 1741 ὲ
1228 1679 1356 1756 reaque

390 1784 491 1846 moult
514 1785 553 1846 de
570 1785 675 1847 maulx
700 1799 730 1847 et
759 1785 876 1848 rebella
890 1799 998 1848 contre
1032 1786 1077 1848 lui
1108 1797 1138 1847 et
1165 1783 1303 1867 prendo'rt
1320 1801 1356 1842 ses

390 1891 533 1952 hommes
543 1903 574 1952 et
583 1890 627 1952 les
643 1893 762 1952 metto'rt
776 1913 812 1952 en
831 1894 935 1972 prison
949 1905 980 1954 et
993 1891 1082 1953 toloit
1094 1891 1163 1952 leur
1178 1891 1353 1972 possessiom.

390 1996 502 2074 Quand
517 2019 550 2058 ce
570 2000 614 2058 vit
626 1997 649 2058 li
660 1996 821 2079 evesques,
838 1997 898 2058 s'en
912 1998 946 2060 su
968 1997 1069 2060 moult
1082 1997 1170 2073 ides,
1184 2011 1219 2059 et
1228 1995 1355 2078 requiete

388 2101 467 2164 celui
479 2101 599 2164 Gerard
610 2103 688 2185 qu'il
700 2103 723 2164 li
741 2103 855 2164 rendist
866 2125 913 2164 ses
935 2103 1094 2175 hommem
1107 2103 1185 2163 meis
1203 2099 1280 2164 cbilr
1292 2101 1356 2160 riers

390 2215 461 2269 n'en
489 2208 538 2268 fist
557 2234 565 2282 ;
592 2210 657 2270 ains
679 2205 830 2270 demanda
845 2211 1008 2271 triuwese
1032 2208 1187 2290 l'e'veeqrre
1211 2219 1275 2268 [ant
1296 2203 1357 2286 qu'il

388 2327 477 2396 peust
496 2313 597 2395 parler
615 2313 738 2376 bouehe
763 2318 781 2374 ἡ
802 2313 924 2376 bouche
945 2319 962 2374 ἐι
985 2314 1041 2390 rui,
1064 2327 1095 2374 et
1113 2313 1136 2374 li
1155 2333 1301 2395 evesques
1314 2327 1357 2390 par

388 2422 525 2482 maurais
543 2420 644 2482 eonsel
659 2419 681 2481 li
697 2419 806 2482 refusa.
823 2419 906 2481 Dont
920 2421 954 2481 fu
967 2419 1045 2481 chilz
1066 2419 1178 2482 Gerars
1203 2418 1357 2500 tropfonr-

388 2521 488 2598 senes,
505 2535 535 2584 et
545 2523 736 2585 isnellement
748 2523 898 2586 assembla
913 2523 1012 2586 moult
1024 2524 1063 2586 de
1078 2523 1267 2598 chevaliers,
1283 2539 1357 2604 grans

386 2647 459 2708 gens
472 2627 601 2689 d'armes
612 2641 642 2690 et
655 2651 727 2711 gens
741 2629 779 2690 de
791 2632 870 2710 piet,
891 2643 920 2692 et
933 2629 1044 2691 asseilli
1055 2629 1085 2691 le
1098 2628 1212 2691 Castiel
1223 2651 1262 2691 en
1282 2626 1357 2688 Crm·

385 2729 499 2808 bresis,
516 2744 546 2794 et
555 2732 585 2794 le
596 2735 672 2815 prist
681 2755 737 2815 par
751 2734 786 2796 fu
801 2747 831 2796 et
842 2755 898 2817 par
911 2735 1034 2810 forche,
1059 2749 1089 2796 et
1107 2736 1212 2797 surent
1234 2734 1310 2796 iluec
1320 2749 1358 2791 ars

385 2860 447 2921 que
460 2837 618 2916 hommes,
634 2860 695 2920 que
708 2839 837 2902 femrnes
850 2841 920 2922 plus
939 2839 977 2902 de
990 2853 1075 2916 cent,
1089 2853 1119 2900 et
1130 2839 1161 2900 la
1173 2838 1248 2900 ville
1260 2838 1293 2899 fu
1305 2853 1357 2896 erse

383 2955 416 3004 'et
431 2941 461 3004 V
475 2943 580 3025 e'glises
603 2946 683 3005 aussi
702 2955 732 3005 et
747 2945 880 3026 reliques
901 2946 1049 3007 d'aucuns
1070 2946 1169 3022 sains,
1198 2959 1230 3007 et
1251 2965 1288 3006 en
1309 2961 1358 3003 une

383 3046 475 3130 eglise
485 3047 520 3108 su
536 3069 584 3109 ars
594 3069 637 3110 un
649 3059 778 3130 prestres
791 3075 799 3122 ;
812 3053 881 3132 puis
904 3054 1021 3132 prirent
1036 3063 1066 3112 et
1087 3049 1235 3112 roberent
1251 3046 1311 3110 :hil
1327 3045 1358 3106 de

384 3153 452 3216 l'ost
466 3166 548 3216 toute
558 3152 589 3214 la
599 3153 690 3231 ville,
710 3154 861 3239 d'argent,
883 3156 923 3218 de
937 3172 1070 3220 vestures
1085 3167 1116 3216 et
1137 3154 1176 3217 de
1197 3153 1279 3216 chor
1292 3150 1354 3234 quil

382 3271 521 3344 peurent.
545 3259 640 3342 Apres
656 3281 689 3322 ce
701 3263 759 3321 tint
773 3261 884 3323 clrieux
898 3261 1009 3324 Gerars
1022 3263 1052 3324 le
1066 3261 1176 3324 Gestiel
1190 3284 1230 3324 en
1241 3281 1275 3324 sa
1287 3257 1358 3320 ιιιιίιι

382 3387 439 3448 par
450 3366 523 3450 long
537 3378 653 3449 temps,
670 3367 715 3430 les
728 3367 908 3448 appendises
919 3381 949 3430 et
964 3381 1030 3430 tout
1037 3369 1082 3432 les
1092 3390 1165 3453 pays
1179 3382 1299 3430 entour.
1323 3363 1359 3423 De

382 3493 430 3535 ces
442 3494 524 3536 ceses
535 3476 662 3536 estoient
672 3473 772 3536 moult
789 3472 910 3535 tourble'
921 3473 984 3536 clril
994 3473 1033 3535 de
1047 3475 1248 3557 l'e'resquiet,
1272 3487 1303 3534 et
1317 3469 1359 3530 di-

382 3581 480 3640 soient
502 3600 562 3662 que
586 3592 654 3642 tout
678 3579 741 3642 ehil
765 3578 829 3640 mal
854 3581 981 3641 estoient
994 3601 1093 3642 avenn
1116 3599 1171 3660 par
1198 3579 1359 3658 levesque,

382 3704 496 3765 pource
510 3685 587 3766 qu'il
604 3707 643 3749 ne
664 3683 749 3750 vault
769 3684 887 3748 donner
908 3687 1032 3748 triuwes
1055 3683 1215 3747 ffierard.
1235 3711 1250 3738 ι
1266 3682 1359 3744 Mene

383 3791 542 3866 chronique.

423 3895 451 3957 11
468 3901 544 3958 este
561 3917 627 3959 rem
635 3917 747 3980 arquer
761 3919 823 3980 que
841 3911 928 3959 notre
942 3896 1147 3980 chroniqueur
1159 3896 1232 3958 latin
1251 3893 1290 3956 de
1304 3891 1360 3953 St.-

381 4001 482 4064 Andre
495 4024 534 4064 ne
556 4024 587 4065 se
601 4015 721 4085 permet
742 4023 849 4084 perun
864 3999 966 4066 blfime
989 4015 1091 4064 contre
1107 3999 1228 4064 Lietard
1247 3999 1322 4062 dont
1339 3993 1355 4057 ἰΙ

383 4106 459 4168 έῑοὶῐ
469 4107 498 4170 le
511 4111 749 4192 contemporain.
769 4109 913 4172 L’auteur
927 4108 965 4172 de
980 4108 1009 4172 la
1032 4109 1199 4190 chronique
1211 4105 1357 4182 [musairo.
