2932 4974
384 507 572 520 ...κιαι-...η-

381 547 439 604 2³⁴
675 553 795 601 onnon.
818 551 897 600 cett.
919 553 963 598 sn
981 551 1058 598 san.

380 711 477 788 ferre
490 737 567 786 non
582 726 744 814 poterat,
761 715 832 790 nisi
844 713 893 788 D.
903 714 1102 822 'episeopus
1115 714 1258 790 virtute
1270 741 1363 790 som·

383 851 557 934 pesceret.

717 1001 879 1184 Εἷεψ,
936 1049 1014 1128 v1.

381 1361 571 1414 ‚nonninus
587 1361 728 1404 nonnanes
749 1361 879 1402 osma
896 1359 955 1400 m
968 1359 1225 1404 mammona
1242 1363 1368 1406 omn
1449 1349 1450 1424 ξ

411 1440 558 1484 seimona.
571 1441 609 1480 sn
623 1441 680 1480 ass
694 1439 755 1480 susa
769 1439 831 1480 coss
845 1438 1022 1480 nmsnssao
1034 1439 1148 1480 comas
1162 1441 1369 1483 cosmum.
1449 1439 1450 1452 ¹

412 1517 561 1559 uouamns
570 1517 731 1558 sansonie
745 1517 819 1558 sous
843 1519 865 1558 s.
883 1515 1098 1558 wssnsnnms
1111 1517 1369 1562 muonmoussus

412 1593 619 1648 cosarianum
636 1595 695 1646 ono
710 1595 852 1636 snonsoso
860 1594 959 1636 asans
968 1594 1115 1638 mnam
1133 1596 1291 1640 mama
1302 1599 1369 1642 m

413 1674 513 1715 cosas.

386 1895 539 2010 Eoum
553 1959 641 2038 yero
655 1949 834 2033 tempore,
851 1930 1016 2006 defuncti
1030 1931 1135 2008 ducis
1149 1935 1312 2028 ottonis,
1325 1933 1369 2008 fi-

386 2057 428 2130 lii
441 2057 583 2152 Karoli,
599 2053 825 2130 Godefridus
839 2067 947 2128 antea
964 2053 1097 2149 dictus,
1113 2058 1368 2134 intercessione

387 2177 545 2252 Gerardi
559 2180 743 2280 episcopi,
761 2193 798 2252 et
815 2177 971 2250 obtentu
993 2180 1181 2277 majorum
1201 2178 1367 2254 fidelium

387 2303 641 2402 imperatoris,
656 2300 814 2400 adeptus
826 2315 881 2374 est
898 2297 1132 2398 dignitatem,
1145 2303 1246 2376 inter
1260 2327 1367 2403 quem
1451 2285 1452 2312 ¹

380 2438 425 2504 ‚et
436 2425 682 2498 Lantbertum
699 2425 872 2498 comitem
889 2419 1118 2522 Jamdudum
1125 2438 1231 2500 vetus
1248 2424 1368 2498 ferve-

387 2547 452 2623 bat
477 2545 681 2632 dissordia„
703 2549 802 2638 Quos
830 2543 1017 2620 Gerardus
1045 2549 1265 2646 episcopus,
1288 2547 1367 2622 liost

386 2668 578 2744 Lantberti
595 2669 819 2769 profluviam
839 2665 972 2760 fidem,
996 2681 1034 2742 et
1055 2669 1265 2742 instabilem
1286 2671 1366 2744 eni-

389 2818 497 2866 mum
511 2806 682 2886 noverat,
699 2805 845 2884 sanson,
861 2815 909 2864 ne
928 2815 1004 2890 qua
1024 2789 1224 2866 calliditate
1244 2789 1367 2866 Goda-

390 2911 489 2987 frido
509 2915 550 2985 in
570 2926 647 2986 tam
666 2935 764 2986 novo
789 2909 932 2984 honore
952 2910 1132 3004 officeret,
1155 2913 1366 3012 interposita

382 3061 482 3136 ,paco
510 3035 695 3109 amicavit.
727 3035 798 3108 Hic
824 3037 950 3133 itaque
977 3033 1027 3108 ad
1055 3048 1202 3108 tantum
1223 3035 1365 3110 culmen

391 3171 603 3259 promotus,
618 3184 703 3234 cum
717 3155 861 3232 honore
874 3169 912 3230 st
928 3159 1087 3231 maxima
1098 3160 1238 3242 virtute
1253 3155 1366 3232 fideli·

392 3293 505 3370 tatem
527 3282 758 3380 imperatoris
781 3277 932 3378 agebat:
954 3303 1041 3352 sane
1060 3277 1173 3370 adeo,
1196 3293 1241 3352 ut
1260 3301 1365 3352 nemo

392 3403 523 3478 melius
548 3427 676 3504 pacem
709 3403 839 3501 patriae
870 3399 1060 3494 dilataret,
1090 3400 1188 3474 bella
1213 3400 1364 3476 sedatu.

390 3525 459 3598 llio
472 3524 656 3624 siquidem
672 3537 812 3596 rectore
831 3522 994 3616 consilii,
1015 3526 1216 3624 imperator
1235 3547 1365 3624 super·

390 3646 527 3720 borum
553 3647 710 3718 cervices
736 3643 948 3744 subigebat,
973 3643 1167 3748 hostesque
1184 3644 1362 3722 vinoebst.

389 3769 501 3841 Juxta
516 3769 874 3840 Castrum-montem
889 3767 1090 3842 fonticulus
1105 3781 1176 3862 est,
1195 3793 1265 3867 pes
1282 3765 1366 3841 mul·

393 3905 447 3966 tos
464 3915 581 3964 annos
597 3890 644 3964 ab
660 3889 789 3966 incolis
807 3895 844 3966 S.
866 3888 1116 3974 Waldetrudis
1132 3893 1364 3966 veneratione

395 4030 575 4112 servatus,
599 4015 666 4092 ubi
687 4015 827 4108 infirmi
847 4014 985 4118 perfusi
1005 4018 1217 4117 sospitatem
1230 4013 1363 4094 meritis
