3088 4968
580 565 672 610 rinna
685 565 812 612 umus.
1162 556 1179 609 e

197 743 323 804 autem
338 726 527 826 partibus,
544 724 585 797 id
602 740 673 818 est,
697 724 746 798 ad
765 725 1008 798 meridianam
1032 723 1179 823 plagam

199 854 293 924 citra
309 848 484 922 Rhenum
502 847 721 920 habitabant
742 849 917 939 Romani,
943 871 1061 944 usque
1077 848 1179 943 Lige-

195 999 278 1046 rem
293 971 467 1044 fluvium.
485 970 588 1042 Ultra
600 972 769 1068 Ligerem
786 969 963 1060 fluvium,
981 967 1096 1040 Gothi
1113 967 1179 1042 do-

196 1093 458 1166 minabantur.
478 1092 756 1189 Burgundiones
770 1117 939 1191 quoque‚
955 1093 1177 1164 Arianorum

197 1228 336 1288 sectam
352 1229 560 1312 sequenter,
589 1213 809 1288 habitabant
832 1231 932 1287 trans
952 1211 1176 1286 Rhodanum

196 1335 304 1437 quod
332 1338 395 1435 (1)
425 1335 567 1435 adjacet
598 1339 737 1411 civitati
763 1334 1015 1434 Lugdunenei.
1047 1331 1178 1408 Clodio

198 1471 345 1549 autem,
368 1460 480 1529 missis
510 1458 800 1556 exploratoribus
821 1455 869 1528 ad
892 1456 1023 1528 urbem
1051 1460 1177 1530 Came-

195 1605 346 1668 racum‚
368 1582 408 1650 in
429 1605 504 1678 qua
523 1583 680 1652 Romani
700 1579 924 1668 habitantes,
942 1580 1020 1676 jam
1052 1576 1175 1651 Chris-

196 1705 307 1772 tianae
318 1700 503 1798 religionis
514 1701 698 1774 culturam
709 1700 948 1794 exhibebant,
962 1702 1038 1798 ipae
1049 1715 1174 1799 postea

195 1848 283 1895 oum
299 1819 431 1920 grandi
448 1825 609 1895 exercitu
623 1823 797 1895 Rhenum
811 1825 973 1915 transiit,
988 1836 1024 1894 et
1037 1822 1175 1894 Carbo-

195 1947 316 2017 uarias
333 1946 532 2041 ingressus,
547 1948 813 2018 Tornaeensem
832 1945 965 2018 urbem
985 1943 1169 2038 obtinuit;

196 2065 326 2140 exinde
343 2091 460 2164 usque
478 2063 526 2138 ad
544 2069 841 2139 Cameracensem
855 2066 988 2138 urbem
1002 2067 1171 2158 veniens,

198 2213 315 2286 pauco
346 2190 522 2285 temporis
555 2189 673 2284 spatio
702 2186 860 2278 resedit,
890 2189 1171 2284 Romanosque,

199 2333 288 2407 quoa
308 2309 360 2381 ibi
381 2311 543 2401 invenit,
560 2308 754 2382 interfecit.
771 2308 911 2384 Exinde
930 2334 1046 2408 usque
1066 2311 1175 2384 Som-

195 2455 283 2504 nam
299 2431 458 2510 fluvium
474 2433 681 2530 occupavit.

531 2676 693 2859 llup.
746 2735 835 2817 lv.

196 2993 276 3044 QUOD
294 2991 481 3036 CLOMVEUB,
502 2993 561 3031 ux
577 2993 710 3042 Quaeras
727 2994 746 3033 Α
763 2991 925 3039 emmona,
942 2993 1174 3036 RAGNACHAMUM

222 3071 432 3112 consonum
447 3071 538 3114 SUUH.
554 3071 612 3110 rito
626 3072 664 3110 20
674 3072 753 3120 Quor
761 3073 824 3112 EUM
831 3074 862 3114 nt
871 3073 948 3112 uult
962 3072 1021 3114 nott
1031 3073 1175 3120 sumum,

223 3148 442 3190 ceremon!
457 3148 567 3188 mm
583 3149 769 3189 lttrrmclr.

203 3341 298 3454 Sao
319 3396 354 3453 et
379 3382 541 3483 ejusdem
572 3382 733 3456 historiae
755 3397 871 3454 textus
893 3381 1050 3474 indicat,
1075 3385 1176 3480 quod

198 3500 429 3598 clodoveus,
445 3529 507 3576 rex
515 3519 668 3604 quartus
682 3519 764 3604 post
778 3502 1014 3598 Clodionem,
1031 3506 1070 3575 in
1085 3503 1177 3578 urbe

197 3627 416 3722 cameraco,
438 3628 692 3726 Ragnaohario
715 3628 936 3702 consobrino
960 3641 1025 3714 aut
1044 3643 1178 3727 nepote

194 3773 283 3840 suo,
320 3748 471 3822 custode
499 3749 650 3841 relicte,
679 3752 851 3822 interris
880 3764 916 3820 et
945 3749 1175 3842 civitatibuS,

194 3895 289 3970 quae
310 3897 428 3970 usque
446 3873 687 3949 Aurelianum
712 3874 924 3974 occupavit,
948 3870 1175 3943 morabatur.

233 4073 287 4141 (r)
307 4074 342 4126 n.
362 4079 415 4145 qa.
