3088 4968
611 555 705 604 [tm
719 555 848 606 mlii!-
1183 553 1219 608 2¹!

242 773 369 834 autem
384 761 523 835 meritis
536 765 572 836 S.
592 760 739 837 Vedasti
755 789 775 837 a
791 763 871 836 Deo
882 788 1093 837 concessum
1112 791 1222 839 nemo

241 885 311 984 qni
328 881 489 957 dubitet.

564 1098 725 1286 liat).
781 1159 905 1244 ΧΗ.

244 1403 323 1445 rosr
349 1402 679 1446 emmeramensem
705 1405 883 1452 romeos.
906 1406 1020 1448 roam
1046 1379 1216 1458 stimma,

547 1483 655 1524 sauma
674 1485 701 1524 a.
722 1483 915 1526 erasmum.

242 1673 313 1783 B.
348 1705 504 1781 Vedasto
529 1705 578 1780 ad
604 1705 816 1807 pontificale
842 1708 977 1780 solium
1003 1708 1222 1784 Dominicus

241 1831 437 1924 successit,
466 1831 527 1902 cui
561 1827 755 1904 Vedulfus.
785 1829 843 1902 Ab
876 1833 975 1924 isto,
1012 1833 1224 1932 caterisque

241 1933 622 2054 successoribus⁰ejus,
641 1955 909 2028 Cameracensis
926 1953 1075 2028 ecclesia
1089 1957 1225 2054 specia-

241 2075 318 2150 lem
334 2075 564 2176 principatus
585 2075 709 2148 aulam
723 2077 884 2176 accepit,
906 2101 990 2176 quae
1009 2073 1226 2148 sacerdotali

246 2198 423 2296 regimine
443 2197 564 2269 multo
582 2209 667 2268 ante
682 2210 869 2296 tempore,
891 2197 986 2269 sicut
1010 2208 1047 2267 et
1067 2193 1227 2268 Atraba-

246 2331 305 2392 tus
321 2333 485 2414 vacarat,
502 2345 546 2392 ex
560 2344 636 2419 quo
656 2319 862 2393 Galliarum
885 2343 1035 2420 quoque
1059 2317 1227 2393 ecclesias

243 2441 448 2518 barbaricae
478 2445 740 2544 persecutionis
768 2441 884 2516 caedes
910 2456 1126 2516 vastaverat.
1155 2441 1227 2517 Sed

245 2590 324 2637 non
338 2563 477 2638 idcirco
487 2567 573 2664 jure
587 2569 669 2666 quis
680 2565 887 2658 dubitabit,
901 2591 949 2638 an
964 2561 1053 2638 huic
1067 2565 1226 2638 ecclesiae
1294 2589 1297 2598 ·

243 2687 363 2787 aliqui
388 2701 473 2760 ante
500 2687 731 2787 praefuissent
758 2703 937 2778 rectores;
973 2713 1059 2760 cum
1085 2685 1156 2759 hoc
1184 2713 1227 2759 ex

244 2805 556 2912 descriptionibus
568 2811 736 2908 Dionysii
750 2837 856 2911 papae
869 2809 975 2882 facilc
990 2807 1101 2880 datur
1114 2807 1228 2880 intel·

245 2933 331 3030 ligi,
351 2947 393 3004 ut
406 2935 573 3032 superius
589 2957 751 3032 expresse
765 2947 951 3004 ostensum
966 2945 1037 3004 est:
1052 2930 1111 3005 vel
1124 2928 1227 3032 quod

245 3051 381 3128 Clodio
406 3079 468 3127 rex
500 3057 683 3126 Romanos
705 3079 798 3153 quos
826 3053 879 3125 ibi
907 3051 1133 3126 Christianos
1165 3055 1228 3124 in-

246 3191 417 3270 venerat,
451 3175 686 3249 interfecerit.
719 3179 839 3276 Hujus
866 3171 1014 3247 vedulfi
1038 3175 1226 3273 episcopi,

250 3295 338 3367 licet
365 3297 484 3400 aliqua
518 3297 612 3370 forte
646 3295 888 3370 memoranda
916 3311 1016 3393 gesta
1048 3295 1226 3390 fuissent,

251 3419 432 3493 incertum
464 3437 587 3494 tamen
617 3445 665 3492 an
692 3417 851 3510 desidia,
876 3441 924 3488 an
945 3417 1093 3487 raritate
1112 3418 1230 3516 scrip-

249 3555 372 3617 torum
382 3597 392 3636 ,
402 3543 539 3644 quibus
551 3571 646 3646 saepe
660 3541 778 3616 multa
792 3541 938 3614 silentio
949 3555 1227 3634 consenescunt,

249 3661 298 3734 ad
315 3679 438 3737 nostra
457 3691 573 3765 usque
595 3681 781 3766 tempora,
803 3665 996 3764 superstite
1013 3663 1132 3754 fama,
1153 3690 1229 3738 non

249 3781 452 3881 durarunt,
468 3803 601 3888 practer
627 3787 729 3888 quod
758 3791 796 3860 in
819 3790 925 3887 gestis
948 3789 989 3859 Β.
1017 3789 1228 3884 Gangerici,

251 3911 317 4007 qui
336 3912 370 3980 ei
386 3913 555 3984 successit
571 3910 619 3983 ad
636 3911 912 4012 pontificatum,
930 3911 1105 4008 legimns,
1123 3907 1229 3980 illum

253 4029 363 4103 rebus
378 4029 552 4107 humanis
572 4050 782 4136 exemptum
806 4031 853 4107 ad
874 4031 1026 4106 meliora
1049 4033 1229 4104 transisse.
