2906 4970
363 610 420 664 530
663 617 781 663 ennon.
801 617 879 664 can.
901 619 943 662 nr
965 619 1042 664 arn.

1069 715 1332 728 —n———n

361 777 470 848 tionis
498 779 633 875 gratia,
661 779 842 868 visitaret,
871 793 1091 876 congregato
1115 784 1333 880 constipatus

361 899 534 970 exercitu.
553 895 749 971 Gaudebat
766 899 879 996 igitur
892 897 1080 973 Johannes
1102 899 1148 972 de
1167 904 1247 1000 ejus
1271 901 1334 974 ab·

360 1019 495 1111 sentia,
525 1017 589 1090 sed
613 1018 708 1091 nihil
733 1033 857 1094 tamen
878 1023 1076 1120 impetrare
1097 1021 1144 1093 ab
1167 1023 1332 1121 episcopo

359 1141 522 1231 valebat,
542 1167 585 1214 eo
603 1141 705 1240 quod
720 1143 767 1215 ab
786 1147 910 1218 amicis
924 1147 966 1216 L.
988 1144 1287 1236 dissolverentur,
1301 1157 1332 1217 et

359 1263 408 1336 ad
438 1263 599 1334 nihilum
625 1263 861 1337 traherentur
891 1271 1020 1339 omnia
1047 1269 1238 1366 petitionis
1265 1291 1331 1339 suae

361 1389 523 1485 ingenia.

546 1654 549 1660 ·
671 1559 833 1744 little
889 1624 1035 1704 nvn.

361 1897 493 1940 HOMTUR
504 1901 657 1942 GERARDUS
665 1899 828 1942 EPlSthPllfl·
845 1895 1027 1938 eieramus
1041 1895 1102 1936 Cli!
1113 1897 1190 1938 scus
1199 1897 1328 1938 naemu!

382 1977 602 2018 eenamcenam
619 1980 776 2020 atroam
794 1976 922 2018 nunnico
936 1975 995 2016 mr.
1015 1973 1161 2014 nuntians
1177 1975 1268 2015 Emi!
1286 1977 1328 2019 Μ·

383 2055 568 2098 conatorem
584 2059 643 2108 Qua
659 2059 771 2098 sunm
789 2055 1009 2097 constituturus
1028 2054 1087 2093 llss’.
1105 2052 1237 2103 ittuntur
1252 2053 1327 2105 om

383 2135 474 2177 DlGNB
486 2137 516 2176 nt
529 2137 636 2178 roam
658 2135 837 2178 coenoman.

357 2305 459 2422 Con
482 2347 562 2423 haec
585 2364 802 2448 agerentur,
830 2348 1111 2446 superveniente
1129 2370 1205 2419 suae
1223 2369 1326 2419 voca-
1431 2329 1432 2332 ¹

358 2472 468 2542 tionis
486 2483 670 2568 tempore,
688 2469 822 2568 praesul
836 2471 883 2540 G.
901 2465 1130 2564 defungitur:
1147 2469 1170 2537 J
1172 2465 1325 2541 ohannes
1430 2565 1431 2568 Ἴ

357 2605 480 2663 tamen
498 2594 698 2668 incivitate
715 2605 899 2682 remanet,
922 2589 1151 2662 castellatura
1175 2590 1325 2662 indona-

358 2727 429 2786 tus.
446 2717 560 2786 Porro
573 2715 717 2816 sepulto
739 2713 1026 2803 honorabiliter,
1049 2713 1144 2786 sicut
1163 2710 1320 2802 decebat,
1429 2773 1430 2780 ,

356 2835 522 2908 Gerardo
533 2837 723 2936 pontifice,
742 2838 959 2926 Henricum,
975 2859 1097 2931 regem
1114 2833 1324 2907 Lotharien-

356 2961 466 3049 sium,
494 2957 633 3030 adeunt
651 2959 698 3030 D.
721 2960 940 3057 praepositus
970 2971 1006 3028 et
1033 2955 1318 3046 archidiaconus,

360 3080 496 3180 aliique
522 3080 773 3154 archidiaconi
798 3106 883 3153 eum
912 3081 1038 3153 casatis
1065 3079 1319 3154 Cameracensis
1427 3175 1428 3180 ἵ

359 3202 538 3295 ecclesiae,
562 3217 789 3304 reportantes
809 3201 984 3275 baculum
1005 3201 1270 3303 pontificalem,
1289 3211 1321 3270 et
1427 3203 1428 3240 ³

359 3329 571 3399 nuntiantes
595 3329 755 3427 episcopi
785 3327 841 3397 sui
864 3323 1145 3423 depositionem.
1169 3323 1318 3396 Audiens
1426 3411 1427 3420 ἵ

359 3450 561 3548 imperator
587 3451 732 3523 obitum
762 3450 855 3520 tanti
883 3449 974 3540 viri,
1005 3449 1064 3546 pie
1092 3449 1145 3539 ei,
1168 3441 1320 3546 eoquod

359 3561 531 3643 omnibus
568 3572 735 3644 amabilis
774 3586 870 3664 erat,
905 3567 1121 3661 condoluit,
1149 3574 1319 3671 coepitque

356 3717 519 3790 quaerere
539 3692 752 3790 diligenter,
778 3719 890 3792 quem
911 3695 950 3764 in
970 3693 1051 3766 loco
1075 3695 1153 3792 ejus
1176 3692 1317 3766 similem

356 3839 547 3912 surrogare
562 3819 749 3914 potuisset.
767 3819 836 3888 Cui
850 3813 1002 3915 quidem
1018 3815 1088 3889 hac
1107 3819 1146 3888 in
1171 3843 1210 3889 re
1231 3811 1317 3888 solli·

355 3937 446 4028 cito,
466 3939 627 4010 occurrit
642 3941 786 4030 animo,
803 3936 905 4036 quod
919 3941 962 4010 L.
983 3937 1147 4038 ejusdem
1164 3941 1315 4011 Camera-

355 4061 468 4131 censis
481 4059 638 4135 ecolesiae
652 4063 892 4158 praepositus,
912 4063 977 4159 qui
990 4085 1076 4133 suus
1089 4061 1169 4160 jam
1186 4057 1314 4134 dudum
