2906 4970
443 575 537 623 nsss
561 576 712 622 scurrus.
1011 571 1069 629 m

95 729 303 825 consuluit,
338 734 607 833 epistolamque
621 763 636 826 ‚·
667 736 854 834 quamde
882 739 1070 814 Harduini

93 851 208 952 culpis
220 855 474 956 inscripserat,
485 857 553 928 uni
568 857 825 956 episcoporum
837 863 998 958 porrexit
1011 862 1069 935 le-

92 975 261 1071 gendum.
278 981 371 1069 Quae
386 1003 473 1051 cum
488 978 562 1050 alta
574 1003 664 1052 voce
678 981 718 1050 in
732 977 856 1052 medio
868 982 1064 1080 legeretur,

91 1095 261 1172 auditum
286 1113 339 1174 est
365 1099 561 1174 anathema
583 1126 657 1174 esse
678 1103 776 1174 inter
798 1127 878 1196 eos,
901 1105 1070 1180 Hardui-

91 1244 181 1294 num
195 1219 365 1296 videlicet
378 1225 430 1297 ibi
447 1223 665 1297 adstantem.
685 1227 768 1316 Quo
781 1223 889 1318 lecto,
903 1227 1076 1324 synodus,

88 1344 349 1440 perturbatur,
374 1371 578 1448 magnaque
598 1345 787 1420 altercatio
805 1347 917 1441 facto,
941 1363 1068 1424 tamen

86 1463 303 1564 diligentius
316 1467 545 1544 discutienda
562 1470 603 1540 in
620 1467 772 1542 atteram
795 1468 982 1567 synodum
1001 1497 1069 1544 us-

89 1585 356 1686 quediffcrtur.

375 1805 549 1990 ,(ὶῖιψ.
608 1861 765 1938 xxn.

90 2095 236 2144 ml!
257 2099 413 2146 unum!
429 2101 586 2144 ΙΠΙΕΟΙῙῙΙ
600 2099 759 2142 Commii!
779 2099 976 2144 metm
988 2103 1065 2146 m!-

114 2177 264 2225 cotom.
286 2180 336 2230 Qut
360 2180 417 2219 sust
445 2179 576 2220 uolnus
605 2179 681 2218 mu
706 2179 866 2218 mntem
887 2179 1057 2226 totunm.

114 2255 292 2304 osrmm.
313 2257 381 2309 one
404 2255 620 2302 mmorosun.
640 2255 709 2312 orn
728 2255 830 2302 nonu
845 2257 911 2299 nnn
925 2259 1061 2306 orum,

114 2335 165 2378 ssu
179 2338 301 2384 rsnmu
320 2335 480 2392 scqnnvrr
495 2335 620 2384 snvrrus

89 2539 176 2652 lese
190 2583 234 2652 in
249 2591 435 2682 tempore,
456 2577 622 2652 videntes
651 2579 815 2678 episcopi
833 2581 874 2650 Β.
897 2581 1064 2654 Suessio-

90 2707 278 2798 nensinm,
294 2717 331 2776 et
342 2707 401 2776 W.
419 2703 796 2801 belvacensinm‚prae
813 2701 1065 2778 imbecillitate

89 2829 192 2923 regis,
208 2829 367 2931 peccetis
378 2823 531 2925 quidem
545 2822 792 2921 exigentibus,
808 2833 944 2898 statum
959 2827 1064 2923 regni

89 2943 252 3020 funditus
268 2947 459 3038 inclinari,
474 2949 561 3048 jura
574 2943 772 3034 confundi,
794 2969 978 3046 usumque
994 2971 1066 3046 pn-

89 3071 195 3142 trium
209 3085 248 3144 et
261 3093 371 3140 omne
382 3093 497 3167 genus
509 3071 663 3166 justitiae
678 3067 884 3166 profanari,
900 3063 1063 3140 multum
1085 3055 1097 3074 '

89 3193 298 3292 reipublicae
311 3215 523 3266 succurrere
539 3189 706 3262 arbitrati
721 3201 821 3279 sunt,
839 3190 869 3259 si
887 3190 1062 3284 burgun-

89 3309 156 3386 dio
186 3319 446 3415 episcoporum
479 3311 697 3382 sententiam
727 3320 982 3403 sequerentur.
1015 3311 1064 3380 Hi

89 3437 380 3512 nimirumtotius
386 3434 612 3510 auctoritatis
619 3441 795 3530 expertes,
804 3451 1002 3502 commune
1008 3427 1067 3504 de·

90 3562 528 3638 cretnmfeceruntuttam
536 3577 623 3645 sese,
633 3577 746 3653 quam
760 3537 1069 3626 omneshomines'

88 3684 153 3756 sub
159 3697 387 3758 sscmnrcnto
393 3681 685 3777 constringerent
694 3729 704 3768 ‚
713 3699 843 3776 paoem
851 3673 1062 3750 videlicetet

85 3808 262 3904 justitiam
282 3821 498 3878 servaturos.
516 3796 739 3902 Hujusmodi
757 3801 872 3897 igitur
882 3823 1064 3874 commen·

89 3943 125 4000 to
146 3928 315 4029 praedicti
336 3931 497 4028 episcopi
517 3927 679 4017 excitati,
699 3925 895 4026 superioris
908 3919 1062 4020 quidem

89 4051 216 4126 Galliae
233 4052 455 4150 coepiscopis
468 4046 782 4150 conspirantibus,
797 4045 909 4116 etiarn
921 4043 970 4115 D.
985 4041 1064 4114 Ge·-
