3044 4968
384 496 441 552 tas
687 502 806 550 canon.
823 499 902 556 cast.
919 501 962 546 ur
981 502 1060 550 ara.

382 669 629 746 institutiones
644 691 687 740 ac
700 665 980 738 restaurationes
997 661 1233 750 ecelesiarum
1253 691 1363 743 exer*

384 790 537 866 uebatur
550 791 742 862 attentior:
757 789 911 886 jamque
933 808 1011 863 uun
1033 783 1255 884 pontificalis
1277 809 1364 869 ma.

383 899 605 1012 gnificentiae
632 908 780 985 sedibus
814 905 997 999 conditis,
1031 905 1222 1006 quandam
1250 912 1364 994 etiam

386 1034 648 1134 metropolim,
671 1028 948 1131 Magadabnrch
978 1029 1184 1120 vocabulo,
1216 1035 1361 1116 struxit.

384 1159 455 1230 Cui
472 1183 558 1230 cum
575 1155 622 1229 ab
640 1156 818 1255 episeopis
834 1155 908 1226 suis
927 1151 1045 1226 multa
1064 1166 1278 1240 sanctorum
1297 1159 1365 1255 pi-

382 1304 499 1377 gnera
527 1282 774 1380 impetrasset,
802 1275 1023 1351 Fulbertum
1043 1278 1275 1376 episcopum,
1297 1281 1361 1352 SS.

383 1404 581 1502 Gangerioi
597 1401 768 1476 videlieet
781 1415 892 1500 atque
906 1399 1077 1474 Autberti
1094 1425 1267 1500 corpora,
1291 1401 1365 1482 omi

383 1523 468 1599 dari
482 1525 700 1624 postulavit,
710 1523 953 1598 felicissimam
959 1547 1046 1596 sane
1053 1523 1252 1600 arbitratus
1258 1547 1363 1601 suern

388 1647 465 1720 fore
488 1647 744 1747 metropolim,
767 1649 798 1722 si
817 1661 1006 1730 tantorum
1027 1645 1275 1723 confessorum
1295 1673 1364 1748 pa-

386 1770 1364 1871 trociuiisfuleiretur.Hujusveropetitionemepiseo-

386 1890 881 1990 pusdeclinarefonnidans,
894 1894 1035 1971 incerto
1043 1889 1363 1979 haesitrsedtamon

386 2013 575 2104 benefieiis
589 2041 674 2114 quae
687 2014 807 2092 multa
818 2015 898 2112 jam
909 2015 945 2088 ei
959 2015 1195 2112 praestiterat,
1210 2029 1255 2097 ut
1267 2015 1365 2100 diui-

389 2163 490 2230 mus,
508 2164 555 2221 ue
568 2136 757 2215 videretur
772 2139 958 2235 ingratus,
977 2161 1052 2211 suae
1068 2139 1238 2234 petitioni
1251 2138 1364 2222 effeo÷

390 2273 471 2354 tum
491 2261 673 2358 promisit.
696 2259 779 2348 Qua
792 2259 834 2331 in
849 2280 891 2328 re
909 2255 1046 2354 praesul
1069 2259 1215 2352 anxius,
1239 2261 1278 2332 in
1299 2259 1364 2330 di-

389 2405 492 2456 versa
509 2393 614 2479 parte
632 2381 801 2458 animum
820 2379 1021 2476 ancipitem
1045 2377 1186 2472 flectit,
1212 2378 1363 2456 videns-

390 2525 465 2601 que
478 2500 736 2580 difficultatem
749 2501 907 2599 negotii,
919 2501 995 2576 sive
1010 2497 1138 2594 donet,
1153 2504 1232 2576 sive
1243 2517 1362 2602 neget,

390 2637 593 2726 utrumque
605 2623 674 2700 sibi
687 2623 765 2700 fore
781 2622 1207 2724 periculosnmadvertit.
1217 2628 1254 2700 Si
1265 2627 1363 2712 enim

390 2760 517 2846 neget,
538 2750 769 2850 imperatoris
784 2747 1041 2825 benevolentia
1055 2746 1235 2827 offensum
1249 2751 1319 2832 iri:
1335 2751 1363 2830 si

389 2893 477 2944 vero
494 2868 621 2962 donet,
640 2895 715 2964 snas
742 2871 943 2970 provincia
956 2869 1122 2944 futuram
1141 2875 1361 2970 pernieiem,

389 3004 519 3094 utpote
531 2990 692 3072 viduatae
706 2995 871 3094 patronis
882 3017 950 3092 per
966 3018 1059 3091 quos
1072 3007 1109 3068 et
1125 2996 1362 3094 temporalem

390 3117 527 3196 meruit
549 3114 726 3214 salutem,
756 3133 793 3204 et
813 3117 992 3208 caelestem
1015 3133 1139 3217 sperat
1158 3117 1364 3206 beatitudi-
1440 3170 1443 3178 ›

389 3261 489 3308 nem.
506 3242 606 3312 Inter
617 3240 699 3314 haec
713 3239 856 3315 medius
868 3240 1034 3340 pontifex
1040 3239 1191 3334 tandem
1201 3241 1272 3330 ,sihi
1285 3263 1364 3340 pm

389 3358 475 3433 vida
482 3366 624 3435 ratione
636 3363 840 3456 consuluit,
855 3365 1056 3462 paucisque
1067 3390 1219 3438 suorum
1229 3365 1364 3466 quibus

389 3499 525 3557 secreta
539 3483 711 3557 credelnt
726 3484 925 3577 adhibitis,
949 3485 1043 3590 tilam
1064 3481 1227 3571 duorum
1246 3513 1365 3562 sacer-

390 3604 522 3677 dotum
537 3630 706 3706 corpora,
722 3610 758 3678 S.
772 3603 943 3679 videlicet
956 3603 1173 3684 Theoderici
1188 3613 1347 3712 episcopi
1351 3663 1360 3712 ,

391 3725 438 3800 de
451 3753 527 3838 quo
540 3755 652 3836 supra
669 3729 847 3830 diximus,
873 3743 909 3806 et
931 3727 1079 3807 alterius
1101 3735 1209 3832 eujus
1229 3759 1363 3826 nomen

390 3851 549 3947 excidit,
572 3852 721 3928 detectis
743 3853 946 3955 sepulchris
967 3860 1129 3957 accepit,
1151 3857 1363 3960 feretrisque

391 3973 594 4056 honouflce
612 3978 797 4076 insoluta,
813 4005 900 4054 eum
913 3979 1056 4080 aliquot
1067 3977 1181 4072 oliam
1203 3979 1362 4058 articulis
