3088 4968
589 563 828 612 soresmos.
1161 559 1197 614 57

214 727 308 800 riom
343 726 490 800 libellus
524 731 611 802 vites
647 731 725 828 ejus
759 729 905 828 plenius
938 727 1113 802 ostendit.
1153 733 1195 800 Β.

215 849 476 943 vindimius,
510 853 579 950 qui
612 854 646 923 ei
668 854 838 924 successit
851 898 855 910 ·
870 853 911 922 in
946 853 1196 950 episcopium,

214 971 454 1044 existentibus
488 977 622 1065 cnuns',
652 972 840 1046 abbatiam
862 969 1090 1044 Theoderico
1119 975 1197 1072 regi

170 1126 175 1134 ·
213 1090 397 1184 donavit,
413 1104 554 1164 retento
576 1094 647 1165 sibi
669 1092 859 1190 pastoralis
878 1091 1070 1191 privilegio
1092 1097 1196 1192 regi-

214 1215 339 1284 minis.
369 1215 411 1283 tt
440 1239 527 1286 vero
541 1213 760 1306 lutbertus,
783 1213 925 1313 populo
949 1235 1017 1284 suc
1042 1213 1091 1294 ad
1110 1216 1195 1288 cul-

214 1347 296 1406 tum
314 1331 511 1407 dominicae
531 1332 620 1408 fidei
641 1337 876 1434 mancipato,
892 1333 1045 1408 feliciter
1061 1333 1195 1408 clausit

217 1453 337 1546 diem,
360 1436 599 1556 sepultusque
614 1473 668 1532 est
687 1461 726 1532 in
746 1458 896 1532 ecclesia
915 1459 956 1526 B.
973 1459 1090 1550 Petri,
1110 1483 1194 1556 quse

214 1589 316 1650 extra
348 1604 476 1651 muros
505 1579 609 1652 urbis
638 1583 845 1654 Camaracse
875 1595 954 1652 erat
984 1575 1195 1652 aedificata:

213 1723 317 1772 nunc
337 1715 485 1792 autern,
508 1701 694 1801 ampliatis
707 1701 889 1776 menibus
912 1714 949 1773 et
971 1702 1193 1774 monasterio

214 1820 428 1914 meliorato,
452 1823 550 1894 intra
567 1825 700 1895 maeuia
717 1821 821 1894 urbis
836 1823 951 1921 ipsius
968 1823 1133 1920 quiescit.

544 2064 706 2246 (bsh
758 2119 868 2205 xx.

215 2390 238 2430 ι
254 2387 440 2431 immolestus
459 2387 616 2430 srtscoscs
635 2389 805 2434 successu,
821 2387 860 2430 br
878 2387 917 2430 Μ
941 2383 1153 2432 mmmm
1172 2391 1194 2432 ὃ.
1292 2405 1296 2413 ·

609 2459 804 2510 ucosssruo.

215 2654 329 2766 Puer
358 2697 437 2793 ejus
466 2719 647 2770 excessum
658 2743 675 2782 ,-
694 2699 734 2766 B.
757 2694 999 2768 vindicianus
1029 2695 1194 2795 ejusdem

213 2817 375 2892 ecclesiae
403 2815 526 2888 sedem
554 2815 753 2916 regendam
770 2820 949 2918 suscepit,
967 2817 1195 2915 temporibus

216 2939 435 3012 Theoderici
468 2941 582 3038 regis,
612 2939 680 3012 lilii
711 2938 889 3012 Clodovei
923 2965 965 3011 ex
995 2937 1193 3034 badhilde,

215 3049 503 3160 prudentissima
530 3065 670 3160 regina.
704 3063 774 3133 Hic
805 3058 1079 3151 Theodericus,
1113 3075 1196 3157 post

215 3183 447 3256 Clotharium
464 3184 614 3258 fratrem
639 3186 703 3282 qui
724 3185 826 3283 prior
841 3185 880 3254 iu
901 3204 1057 3279 regnum
1081 3183 1195 3280 patris

219 3328 305 3376 cum
325 3303 503 3379 badhilde
531 3321 647 3377 matre
676 3307 864 3394 successit,
885 3328 1069 3374 summam
1093 3309 1197 3399 regni

217 3429 389 3524 suscepit,
422 3426 667 3502 renitentibus
699 3425 870 3523 plurimis
892 3449 935 3494 ex
964 3425 1195 3495 Francorum

213 3527 465 3646 principibus,
496 3551 652 3620 maxime
682 3559 835 3645 propter
868 3528 1095 3636 Ebroinum,
1129 3541 1197 3643 <fui

212 3672 334 3766 major
351 3667 485 3740 domus
505 3671 623 3766 regiae¹
635 3667 706 3740 illis
723 3668 962 3766 permolestus
979 3679 1069 3738 erat.
1086 3666 1195 3742 Unde

212 3803 474 3888 consurgentes
494 3788 689 3864 adversum
710 3788 980 3862 Theodericum
1003 3801 1040 3858 et
1058 3787 1196 3860 Ehroi-

211 3939 327 4004 num,
348 3927 526 4011 utrosque
552 3915 664 3985 tonsis
682 3915 810 4012 capitis
827 3913 1010 4000 crinibus,
1041 3911 1080 3978 iu
1098 3911 1194 3978 Bur-

209 4033 384 4138 gundia,
416 4036 581 4110 Luxovio
623 4036 869 4128 monasterio,
893 4027 1118 4123 recludunt,
1157 4044 1195 4103 et
