2932 4974
449 593 543 639 suan
558 593 732 642 erecturus.
1017 589 1080 648 ‘320

102 757 234 852 visque
263 755 427 833 edificiis
462 771 500 830 et
528 756 685 832 claustro
714 761 874 858 regulari
903 765 1086 862 insignire·

103 880 276 951 exercuit.

420 1077 579 1262 bap.
629 1127 763 1264 m·

109 1424 112 1433 ,
260 1381 300 1424 B!
310 1383 509 1426 vmltmrttu
529 1385 567 1426 DE
580 1385 768 1446 nosnullo
786 1387 807 1428 Β.
823 1387 928 1428 ulam.

104 1544 160 1662 brt
182 1604 304 1664 castro
317 1583 587 1668 valentianensi
606 1599 871 1669 monasterium
893 1610 949 1670 est
966 1621 1082 1672 cano-

104 1715 296 1806 nicorum,
337 1713 439 1813 quod
473 1716 649 1790 Amulius
683 1743 831 1812 comes,
867 1719 1018 1792 consilio
1045 1736 1083 1793 et

103 1819 323 1910 auctoritate
337 1837 518 1912 Rothardi
532 1843 713 1939 episcopi,
734 1845 773 1912 in
793 1841 935 1914 honore
954 1845 990 1914 S.
1014 1845 1083 1914 Jo-

105 1955 240 2032 banuis
253 1943 421 2058 Baptistse
433 1964 652 2051 construxit,
671 1961 854 2061 rebusque
876 1989 947 2062 pro
968 1989 1083 2063 opor-

105 2084 263 2176 tunitate
284 2082 424 2155 collatis
441 2135 452 2172 ,
472 2107 524 2154 xu
552 2085 751 2157 canonicos
773 2083 979 2180 deputavit.
1010 2086 1085 2158 Nee

105 2205 236 2300 procul
252 2203 360 2296 hinc,
377 2204 468 2275 olim
490 2202 641 2302 quidem
657 2207 693 2275 S.
711 2205 862 2275 Martini
876 2204 1083 2299 ecclesiola,

105 2339 344 2400 runcantem
368 2328 632 2399 monasterium
656 2325 893 2420 canonicale,
910 2329 949 2398 in
966 2353 1083 2401 vene·
1167 2417 1171 2426 ι

105 2449 247 2536 ratione
260 2451 371 2524 etiam
388 2451 424 2520 S.
443 2447 554 2526 Salvii
568 2449 729 2546 episcopi
743 2463 779 2520 et
803 2453 974 2547 martyris
996 2475 1083 2524 con·

102 2583 181 2642 stat.
195 2575 284 2670 lpso
302 2595 463 2668 namque
479 2585 656 2670 tempore,
674 2573 710 2642 S.
729 2571 884 2666 Salvius,
903 2586 1002 2646 totus
1014 2600 1080 2648 su-

103 2717 228 2789 pemae
258 2694 388 2790 patries
409 2691 574 2784 inhians,
600 2717 708 2765 causa
742 2697 1081 2791 peregrinationis,
1109 2781 1117 2796 Ι

105 2811 267 2901 habenas
283 2815 434 2914 reliquit
449 2814 903 2914 episcopii,profectusque
916 2843 1081 2914 peregre,
1097 2819 1099 2823 ’

104 2935 361 3035 praedicationi
381 2962 532 3035 operam
562 2923 651 3010 dare
672 2939 876 3013 aestimavit.
900 2943 1018 3040 Igitur
1036 2940 1084 3014 de

104 3057 182 3134 loco
200 3057 254 3132 ad
274 3059 401 3136 locum
417 3059 639 3158 procedens,
661 3059 817 3134 verbum
843 3061 912 3132 Dei
942 3064 1084 3162 populo
1138 3083 1154 3092 ·

103 3179 338 3279 suggerebat,
353 3194 391 3252 et
401 3183 557 3254 maxim'e
570 3181 877 3256 celebrationibus
890 3184 1084 3260 missorum

105 3306 275 3392 instabat.
292 3283 428 3379 Verum
443 3305 509 3378 ubi
527 3305 575 3377 ad
597 3308 714 3400 ipsam
734 3307 909 3376 viciniam
929 3305 1085 3392 deseni-

105 3445 176 3520 ret,
197 3455 243 3502 ac
265 3427 431 3527 quadem
448 3424 508 3498 die
530 3424 576 3496 de
598 3425 879 3500 valentianense
902 3440 1014 3523 portu
1036 3427 1087 3505 ad

105 3552 228 3624 sicum
245 3547 456 3624 Condstum
472 3549 659 3638 transiret,
679 3571 701 3618 a
719 3545 882 3646 quodam
897 3547 1081 3647 pestifere,

105 3669 204 3746 lectis
220 3671 379 3764 insidiis,
397 3684 546 3768 ceptus,
562 3672 601 3740 in
617 3669 780 3742 custodia
796 3670 984 3768 religatur,
999 3699 1083 3772 rap,-

105 3794 221 3894 tisque
238 3791 467 3866 indumentis
480 3783 787 3884 sacerdotalibus,
804 3805 840 3864 et
857 3797 1083 3868 ornamentis

104 3913 397 4015 episcopalibus,
418 3939 502 4012 quse
521 3937 645 3987 secum
662 3927 893 4011 portaverat,
919 3915 1081 3996 obtrun—

104 4051 221 4114 catur.
229 4037 476 4136 sepultusque
491 4059 514 4124 a
526 4037 613 4112 viris
626 4018 800 4134 religiosis
814 4040 972 4134 insupra
981 4031 1082 4112 diota
