2906 4970
391 511 505 608 9-74-
688 553 807 600 CHRON.
828 553 907 600 CAH.
927 554 970 599 ΕΤ
990 553 1066 598 Aru.

390 725 464 798 suis
477 717 985 815 adulationibusimpetravit,
993 717 1116 788 virum
1129 739 1216 789 sane
1232 703 1366 792 nullius

392 843 616 944 discipliuae,
634 839 730 914 nihil
747 841 858 911 etiam
879 838 1091 932 literarum,
1106 853 1242 938 praeter
1259 863 1367 940 pauca

391 967 687 1066 syllogismorum
700 977 918 1062 argumenta
928 964 1116 1054 scientem,
1131 963 1271 1062 quibus
1283 963 1367 1036 idio

392 1105 446 1164 tas
460 1116 502 1164 ac
514 1087 696 1188 simplices
719 1109 886 1184 quosque
908 1084 1094 1158 ludificari
1115 1084 1271 1158 solebat.
1297 1085 1364 1159 Sub

390 1216 511 1313 specie
523 1236 611 1286 vero
630 1210 842 1301 literarum,
856 1208 905 1280 ad
919 1210 1011 1280 tanti
1025 1207 1177 1280 honoris
1187 1206 1365 1308 fastigium

392 1335 512 1408 multo
528 1347 613 1406 aute
629 1329 821 1424 tendebat,
843 1351 1020 1431 spemque
1041 1355 1146 1404 suam
1165 1331 1284 1406 multa
1301 1357 1365 1432 pe-

392 1460 503 1532 cunia
522 1453 757 1546 cumulabat,
773 1475 886 1552 quam
903 1457 1024 1526 usuris
1043 1457 1203 1553 turpiter
1222 1481 1364 1528 acerva-

391 1581 468 1654 bat.
488 1582 567 1652 Hoc
580 1598 729 1676 quoque
743 1576 931 1669 azelinus,
948 1577 1067 1648 multo
1082 1591 1167 1652 ante
1183 1581 1360 1677 quesivit,

392 1715 428 1775 et
452 1727 554 1776 nuuc
574 1702 731 1772 maxime
754 1697 971 1793 insudabat,
995 1715 1176 1799 quatenus
1199 1727 1267 1800 per
1287 1725 1361 1772 eum

391 1849 474 1898 suas
490 1821 705 1897 calliditates
718 1820 870 1894 liberius
885 1835 1080 1896 exerceret.
1102 1821 1160 1896 Ad
1182 1825 1291 1922 cujus
1308 1845 1363 1894 or·

392 1945 621 2020 dicationem
640 1959 677 2020 et
693 1947 1003 2018 consecrationem
1034 1958 1185 2019 vocatus
1203 1946 1253 2018 D.
1276 1947 1363 2044 epis·

393 2094 526 2169 copus,
552 2069 661 2142 altius
687 2065 918 2157 reclamavit,
938 2081 975 2140 et
995 2066 1068 2142 hoc
1092 2065 1310 2167 indignum,
1328 2079 1362 2137 ut

392 2207 518 2293 postea
539 2191 711 2292 probavit
737 2203 908 2284 eventus,
934 2205 971 2264 et
995 2205 1123 2264 contra
1143 2189 1274 2266 divina
1294 2191 1362 2264 elo-

392 2316 650 2416 quiefactum,
666 2317 772 2417 juxta
797 2311 893 2386 illud
915 2314 1091 2414 apostoli:
1115 2319 1195 2388 Non
1221 2313 1362 2413 καρὶς]-

390 2450 484 2526 sum,
502 2439 584 2510 viva
600 2433 892 2508 contradictione
906 2435 1108 2534 redarguit.

709 2652 878 2838 cap.
926 2699 1054 2779 xxt-

353 3013 367 3032 ,
392 2977 430 3018 D!
444 2977 536 3020 CAUSA
550 2980 640 3021 utun
657 2980 806 3022 Anum(
826 2983 865 3022 ΕΤ
882 2983 1057 3024 linitum
1070 2981 1226 3024 urtscoros
1239 2983 1268 3024 ut
1287 2979 1357 3022 mu

596 3059 635 3099 no
653 3059 684 3099 ΙΝ
699 3059 801 3102 lom
821 3061 843 3101 1.
868 3062 970 3104 mm
989 3057 1169 3103 OEEBBATA.

392 3254 550 3364 Porrus
565 3303 687 3364 umen
703 3290 926 3390 procedente
941 3308 1126 3394 tempore,
1142 3293 1272 3367 videns
1286 3292 1358 3392 quis

391 3411 581 3487 emendari
599 3437 675 3484 non
688 3425 853 3511 poterat,
871 3413 1034 3488 iraterua
1047 3411 1232 3514 siquidem
1245 3413 1358 3511 coipis
1427 3417 1428 3455 l

392 3558 571 3633 caporum
587 3533 722 3630 quibus
736 3532 931 3607 inhaeserat
945 3535 1200 3609 admonitione
1219 3535 1355 3620 ductus,

394 3653 442 3727 ad
456 3653 645 3754 quandam
664 3653 869 3750 synodum,
888 3684 1001 3756 quam
1022 3661 1062 3730 in
1087 3661 1213 3732 Monte
1230 3662 1267 3731 S.
1290 3657 1357 3728 lda-

392 3781 455 3852 rise
475 3773 694 3850 celebraturi
707 3793 842 3872 essent,
857 3795 1092 3856 convenerat.
1107 3781 1179 3854 Ubi
1194 3783 1355 3854 nimirum

392 3900 560 3974 Azelinus
575 3901 706 3974 timens
720 3901 943 4000 objectiones
957 3903 1156 3998 Harduini,
1166 3928 1278 4006 quern
1294 3923 1356 3974 εω-

392 4037 541 4122 pectum
550 4019 1355 4128 habebat,illiuseommentapret·ertens,sibl
