2906 4970
390 541 447 594 322
677 544 796 592 curos.
819 543 901 590 cart.
929 545 972 588 rr
997 542 1074 590 Arn.

386 714 495 781 Anno
509 719 593 778 ante
608 719 807 796 transacto,
818 730 940 778 mense
953 705 1075 804 aprili,
1085 701 1172 776 data
1186 729 1253 778 vm
1268 707 1349 800 idus,

384 833 464 903 visa
478 843 530 902 est
548 831 588 900 in
603 829 721 920 coelo,
746 831 843 902 inter
857 826 1073 900 orientalem
1098 842 1135 898 et
1168 831 1350 904 australem

385 951 552 1051 plagam,
570 952 673 1049 quasi
688 952 795 1050 ignea
811 949 948 1041 trabes,
966 973 1109 1046 magnae
1130 950 1348 1048 magnitudi-

385 1076 462 1164 nis,
479 1098 563 1172 quae
588 1097 738 1146 currens
756 1096 866 1170 super
888 1072 1002 1144 solem
1021 1074 1099 1170 jam
1122 1070 1170 1143 ad
1195 1097 1348 1146 occasum

383 1209 614 1293 vergentem,
630 1196 705 1266 visa
723 1208 774 1266 est
788 1195 827 1266 in
846 1208 981 1268 terram
996 1191 1138 1266 cadere.
1155 1197 1272 1293 Cujus
1287 1223 1349 1270 ves·

384 1317 473 1412 tigia
494 1313 560 1386 diu
588 1328 791 1414 potuerunt
811 1312 949 1406 videri,
976 1315 1070 1386 sicut
1094 1313 1136 1384 fit
1157 1313 1224 1386 ubi
1246 1315 1347 1387 nubes

384 1434 612 1509 clauduntur
626 1451 708 1535 post
724 1438 1027 1509 coruscationem.
1037 1439 1116 1508 Hoc
1132 1439 1211 1535 ipso
1221 1451 1344 1528 autem,

383 1584 459 1658 quo
481 1557 580 1631 diem
603 1559 752 1651 clausit,
782 1584 899 1652 anno,
925 1559 1065 1658 eclipsis
1088 1558 1171 1632 solis
1191 1558 1264 1632 fuit
1285 1560 1348 1660 pri-

383 1677 443 1752 die
461 1679 544 1752 idus
560 1683 667 1775 maii,
690 1695 727 1754 et
749 1707 775 1754 11
797 1706 913 1754 nonas
938 1684 1057 1781 junii,
1085 1696 1128 1754 ut
1158 1679 1253 1772 dixi,
1285 1685 1347 1780 ipse

384 1801 489 1874 obiit.

733 1965 896 2148 llari.
953 2017 1027 2092 m.

379 2259 533 2302 osmnus
546 2257 701 2300 nuscum
714 2259 776 2301 CUM
790 2259 868 2301 REGE
885 2259 1015 2304 namuco
1029 2261 1120 2301 vem
1134 2259 1305 2301 russeum
1314 2261 1345 2299 An

404 2339 519 2384 Romi.
534 2339 584 2378 ΠΜ
600 2339 730 2378 uvam
748 2338 884 2379 concon
903 2339 939 2378 88·
958 2339 1128 2380 GONBULPlss
1142 2341 1180 2378 ΕΤ
1195 2337 1340 2380 nomm.

404 2415 612 2457 conscotinus
621 2415 900 2457 immanentem.
911 2417 1055 2462 struvam,
1063 2413 1101 2455 ET
1110 2417 1199 2456 unm
1209 2417 1229 2456 8.
1237 2415 1345 2456 mm

405 2495 448 2538 m.
467 2493 629 2543 urntosoon
644 2494 877 2534 conscensurum
895 2495 1031 2535 PRAESENS
1055 2495 1108 2536 EST
1131 2493 1291 2538 cunnum,
1310 2492 1343 2530 ΙΤ

405 2573 493 2612 nm
504 2571 577 2612 SUNT
587 2571 616 2610 ΙΙ
631 2573 782 2613 nicrum!
796 2574 833 2613 88.
850 2573 1007 2624 nucleum.
1018 2573 1203 2614 mutuum
1217 2571 1345 2628 sclura-

405 2649 444 2689 ΤΕ
461 2648 665 2690 cumulemur
676 2650 827 2700 acumem
843 2649 1006 2691 accusem
1021 2653 1042 2691 8.
1053 2651 1213 2691 canumet
1229 2648 1343 2692 manto-

403 2726 556 2770 Gfflssllffl
581 2727 731 2773 ΤΕΝΒΒΑΤ,
756 2727 876 2778 ΕΛΜΩΠΕ
890 2729 1038 2778 numum
1053 2729 1249 2770 scrutetur.

380 2870 649 2994 Suessoururn
663 2921 786 2980 autem
810 2933 934 2980 mense
958 2920 1133 3005 augusto,
1165 2933 1249 2980 cum
1275 2911 1340 3006 ipso

377 3052 462 3126 rege
488 3030 698 3127 Trajectum
728 3032 829 3102 venit
852 3030 900 3102 D.
928 3031 1145 3128 episcopus,
1170 3043 1206 3101 et
1226 3041 1339 3126 rogatu

377 3150 539 3248 episcopi
584 3147 740 3222 Nihardi
782 3151 917 3224 levavit
954 3175 1110 3248 corpora
1144 3164 1336 3222 sanctorum

378 3269 627 3344 confessorum
673 3269 855 3344 Gondulfi
897 3287 934 3344 et
981 3271 1159 3363 Monulfi,
1203 3270 1338 3370 acceptis

377 3393 447 3470 sibi
475 3392 562 3466 inde
590 3393 774 3493 reliquiis:
812 3407 847 3466 et
883 3408 1089 3468 consecrata
1121 3409 1176 3468 est
1209 3395 1259 3468 ibi
1290 3415 1339 3464 ec-

378 3515 485 3592 clesia
515 3519 554 3588 in
582 3515 724 3589 honore
737 3520 773 3588 S.
788 3520 954 3590 Servatii.
978 3520 1100 3592 Mettis
1121 3532 1246 3618 postea
1261 3540 1339 3590 con-

376 3650 514 3708 secrata
528 3650 581 3722 est
597 3637 745 3710 ecclesia
768 3642 803 3711 S.
829 3638 1006 3738 Stephani
1030 3639 1337 3738 proto-martyris,

374 3756 442 3830 ubi
459 3761 569 3830 etiarn
584 3759 754 3832 interfuit
767 3775 917 3861 precatu
932 3760 1170 3854 Theoderici,
1190 3757 1337 3860 ejusdem

372 3879 475 3953 urhis
498 3882 681 3982 epi-scopi,
702 3887 768 3983 qui
789 3888 823 3957 ei
846 3881 950 3958 dedit
980 3887 1152 3986 pretiosas
1181 3881 1337 3980 reliquias

373 4005 485 4102 ipsius
498 4001 669 4103 martyris
683 4003 836 4100 Christi,
854 4035 944 4108 quas
966 4034 1088 4082 secum
1117 4005 1258 4080 detulit.
1285 3998 1335 4074 Al·
