3044 4968
539 533 634 578 nmen
651 531 779 578 numus.

480 791 644 971 titan
725 846 862 924 xcv.

168 1117 322 1160 Ultimi!
337 1113 540 1160 nemereus
555 1117 675 1159 (mm
684 1117 806 1158 mm!
820 1116 1020 1160 mfflfflffld
1034 1120 1065 1161 nt
1081 1120 1157 1161 PM·

406 1197 455 1238 Ut)
462 1196 620 1240 6011611181
634 1197 733 1238 ΗΒΕΑ
747 1197 931 1239 ΠΙΤΙΙΠΜ.

172 1371 350 1512 larsem
366 1434 452 1484 vero
464 1409 629 1510 predicti
642 1411 789 1508 fratres,
805 1416 985 1488 Rainerus
1001 1428 1038 1487 et
1053 1416 1158 1488 Lant-

171 1529 305 1604 bertus
323 1534 440 1606 coacti
461 1533 606 1632 inopia,
629 1560 822 1635 moresque
842 1538 982 1636 patrios
1004 1538 1159 1630 imitan-

175 1665 249 1746 tes,
274 1655 413 1752 rapinis
435 1656 677 1750 insistebant,
701 1659 939 1758 quietemque
964 1657 1154 1757 publicam

175 1776 461 1876 interpolantes,
486 1781 609 1854 minus
632 1795 799 1882 potentes
827 1795 1031 1882 utcumque
1044 1807 1156 1854 vexa-

173 1899 283 1974 bant.
324 1901 494 2002 Denique
509 1975 512 1983 ,
528 1905 568 1975 in
598 1917 720 2002 partes
752 1903 988 1976 Karlensium
1022 1929 1157 1976 conce-

175 2019 324 2116 dentes,
342 2025 537 2117 Karolum,
554 2027 649 2122 regis
661 2023 828 2096 Letharii
844 2024 1017 2116 fratrem,
1033 2025 1157 2124 pravis

178 2146 347 2220 moribus
360 2147 555 2240 deditum,
587 2148 800 2245 pariterque
815 2147 990 2218 ottonem
1008 2147 1158 2240 ,Alberti

175 2268 510 2344 vermandensium
530 2271 674 2343 comitis
694 2268 834 2362 filium,
858 2259 943 2343 cum
967 2269 1046 2344 aliis
1060 2295 1158 2371 quo-

176 2415 257 2490 que
277 2392 401 2465 multis
421 2391 633 2492 raptoribus
652 2417 727 2484 *suo
749 2391 886 2464 auxilio
907 2390 1155 2468 adsciverunt.

172 2516 292 2586 Suam
312 2519 452 2616 quippe
466 2513 598 2604 callide
613 2513 848 2614 deplorantes
863 2539 1090 2611 aerumnam,
1120 2545 1157 2593 se

175 2635 350 2712 videlieet
368 2637 563 2712 exheredes
587 2652 624 2712 et
638 2653 763 2712 exutos
777 2641 1026 2738 prtrimoniis,
1043 2640 1157 2715 factos

176 2773 338 2834 extorres
350 2773 513 2861 paternae
528 2758 785 2852 habitationis,
796 2772 932 2832 terram
947 2762 1068 2860 inqua
1080 2766 1158 2835 nati

174 2889 254 2960 sint
277 2887 347 2960 eibi
369 2889 512 2986 negari,
539 2885 588 2959 ad
604 2883 853 2960 ulciscendam
872 2911 960 2986 ergo
980 2889 1157 2990 injuriam

170 3012 276 3086 socia
295 3035 398 3084 arma
414 3011 569 3110 precari.
592 3012 657 3084 His
674 3035 761 3110 ergo
782 3009 1020 3084 fulcientibus
1047 3027 1158 3112 atque

176 3131 463 3226 comitantibus,
478 3131 682 3206 reformatis
695 3130 848 3233 quidem
862 3131 1003 3205 bellicis
1015 3133 1156 3229 usibus,

179 3254 234 3328 ad
251 3259 410 3332 Mentem
425 3271 585 3332 castrum
603 3268 800 3355 properato
814 3253 1066 3344 contendunt,
1083 3255 1159 3326 ibi-

177 3405 274 3480 que,
301 3405 399 3454 anno
415 3379 621 3454 Dominicae
638 3377 900 3450 incarnationis
917 3399 1130 3448 neoccnxxvr
1147 3430 1157 3468 ,

171 3529 289 3606 super
302 3501 428 3578 fideles
443 3501 673 3602 imperatoris
690 3502 861 3590 comites,
884 3496 1056 3574 videlieet
1080 3503 1161 3574 Go-

172 3627 369 3704 defridum
390 3641 500 3726 atque
513 3622 736 3716 Amulium,
755 3622 851 3697 facto
865 3625 1028 3724 impetu,
1045 3627 1161 3701 irrue-

170 3768 280 3829 runt.
313 3753 374 3826 Illi
397 3765 521 3824 tamen
552 3773 629 3822 non
660 3751 804 3822 minore
836 3751 970 3850 spiritu
991 3753 1159 3840 excitati,

167 3882 247 3954 suis
261 3901 361 3980 quos
378 3886 574 3974 praesentes
587 3870 777 3944 habebant
792 3875 945 3965 coactis,
965 3884 1064 3942 extra
1081 3895 1169 3972 mu,
1287 3965 1290 3972 ι

166 4009 364 4082 nitionem
388 4009 601 4098 emergunt,
621 4009 886 4096 preruptoque
903 3992 1161 4094 periculosese
