2932 4974
480 613 574 661 asrrn
592 613 768 663 senonens
1056 613 1111 668 ess

138 765 230 862 bus,
249 768 351 846 datos
365 787 591 874 postponens
607 779 788 870 monitus,
807 776 899 850 dum
920 780 1116 877 paululum

140 890 375 988 procederet,
391 919 478 965 mox
491 891 610 964 multo
623 899 728 996 pejus
742 921 854 994 quam
870 913 977 972 antea
996 928 1017 972 a
1035 899 1119 973 dae·

141 1016 268 1086 monio
282 1017 503 1114 corripitur,
520 1013 613 1088 adeo
625 1014 796 1090 videlicet
810 1017 1061 1114 dementatus,
1077 1035 1118 1094 ut

142 1151 376 1208 occurrentes
389 1137 457 1210 sibi
472 1159 638 1235 quotque
651 1135 816 1235 lapidare
831 1165 979 1237 prorsus
993 1143 1121 1214 inten-

141 1253 260 1330 deret.
277 1263 307 1328 A
322 1257 447 1331 multis
461 1281 547 1332 vero
569 1281 646 1329 non
663 1256 769 1330 facile
784 1273 926 1357 captus,
947 1261 1035 1334 loris
1050 1288 1122 1336 ne-

141 1403 230 1470 xus,
246 1377 294 1450 ad
310 1382 571 1452 monasterinm
584 1381 720 1451 iterum
736 1379 955 1475 attrahitur,
973 1397 1011 1454 et
1034 1385 1122 1481 quia

140 1512 275 1574 contra
286 1499 398 1572 fidem
415 1499 633 1574 catholicam
655 1503 835 1592 convitia,
858 1499 1009 1574 diabolo
1030 1500 1123 1575 doc-

143 1635 244 1712 tore,
255 1622 437 1720 jactabat,
456 1645 558 1696 nuno
577 1625 687 1694 minis
706 1619 899 1714 tunditur,
925 1647 1027 1698 nunc
1048 1623 1123 1697 fla-

143 1742 247 1842 gellis
261 1747 446 1844 quatitur,
461 1769 570 1818 nemo
585 1759 708 1818 tomen
721 1741 918 1818 rabidioris
931 1745 1122 1820 falsificam

143 1863 400 1962 garrulitatem
417 1889 645 1966 compescere
658 1865 802 1965 potuit,
817 1862 937 1939 donec
950 1869 1047 1938 inter
1059 1867 1121 1940 fla·

146 1983 241 2082 gella
261 1997 299 2056 et
317 1985 488 2079 vincula,
520 2000 606 2058 ante
633 1987 752 2058 saneti
781 1987 852 2056 viri
882 1985 1122 2084 sepulchrum

145 2117 346 2202 prostrato,
372 2129 419 2178 ex
442 2103 658 2178 lassitudine
681 2125 832 2176 somnus
852 2105 1028 2202 obrepsit.
1052 2109 1130 2197 Qui

145 2247 233 2296 cnm
248 2249 335 2299 vero
349 2239 433 2326 post
446 2223 720 2323 aliquantulum
734 2221 1025 2318 expergefactus,
1042 2249 1126 2322 surf

146 2345 312 2436 rexisset,
339 2369 426 2418 mox
454 2333 632 2415 divinitus
653 2353 776 2414 mente
796 2355 963 2442 recepta,
984 2349 1126 2417 cunctis

146 2462 437 2557 admirantibus,
460 2479 496 2537 et
516 2487 593 2563 prae
616 2458 754 2561 gaudio
776 2461 1124 2560 illacrymantibus,

146 2611 233 2658 cum
248 2613 382 2694 magna
400 2585 617 2659 confusione
633 2583 787 2684 pudoris
805 2595 842 2656 et
862 2589 1093 2684 poenitentiae
1112 2640 1122 2682 ,

147 2723 233 2778 ante
243 2705 483 2805 sepulchrum
496 2707 757 2804 prosternitur,
773 2701 1124 2806 confessusculpam,

147 2830 295 2899 veniam
309 2828 442 2900 erroris
458 2824 690 2924 deprecatur.
706 2827 878 2926 Denique
891 2849 1043 2928 compos
1056 2830 1128 2902 ani·

146 2949 202 3019 mi
216 2949 374 3018 omnino
387 2945 769 3044 effectus,fmouasticis
782 2971 820 3019 se
833 2945 1017 3046 obsequiis
1030 2947 1140 3023 fide-¹

147 3067 234 3141 liter
247 3069 490 3171 mancipavit,
507 3089 583 3138 non
605 3091 714 3139 ausus
735 3089 925 3168 quoquam
946 3069 1044 3142 ultra
1064 3095 1127 3144 se·

148 3187 425 3282 eedere,douec
439 3188 697 3288 postmultum
713 3193 902 3287 temporis,
918 3191 1126 3264 abatribus

147 3325 298 3410 sumpta
313 3309 481 3398 licentia,
506 3311 661 3381 Romam
683 3307 849 3378 obtinuit
864 3331 1028 3406 pergere.
1049 3313 1127 3380 No-
1232 3333 1238 3344 ·

150 3429 310 3506 tandum
325 3453 415 3502 vero
437 3432 477 3498 B.
499 3427 748 3522 Ganges-icum
770 3427 901 3526 procul
926 3426 1043 3500 dubio
1063 3453 1129 3502 ex.

149 3555 283 3644 titisse,
299 3573 389 3622 enm
399 3548 535 3622 seilicet
547 3544 791 3643 sacerdotem,
808 3570 920 3649 quem
943 3549 998 3624 illi
1014 3550 1127 3650 paulo

149 3687 238 3748 ante
252 3670 413 3744 diximus
426 3691 636 3758 occumsse.
