3088 4968
647 544 767 592 cnon.
792 543 870 590 (1ss.
890 543 933 589 ΕΤ
956 543 1032 590 Aru.

665 772 824 958 (lap.
873 829 1009 912 xvr.

355 1097 553 1144 mmmm
564 1097 766 1143 numm.
780 1097 845 1138 Um
859 1095 1041 1144 mmm,
1054 1095 1094 1136 Β
1107 1093 1220 1138 ΜΕΤΑ
1228 1093 1332 1137 ΕΜ

745 1174 936 1217 altemirus.

358 1401 471 1514 posu
493 1437 729 1514 Bertoaldum
753 1438 920 1510 successit
942 1437 983 1505 Β.
1006 1435 1250 1529 Ablebertus,
1268 1439 1335 1534 qui

357 1565 410 1633 ita
423 1565 463 1633 in
484 1561 649 1658 catalogo
670 1562 928 1659 episcoporum
943 1558 1175 1650 nominatus,
1198 1557 1246 1630 ab
1267 1541 1334 1627 in-

359 1682 447 1756 colis
468 1707 556 1754 vero
580 1697 616 1754 et
643 1683 772 1754 vicinis
792 1678 1009 1750 Emebertus
1039 1677 1244 1752 dicebatur.
1267 1680 1339 1752 Hic

357 1830 400 1878 ex
412 1805 644 1878 Bracbatensi
660 1827 755 1902 pago
770 1798 969 1892 oriundus,
985 1801 1201 1900 parentibus
1218 1803 1340 1900 siqui-

358 1923 506 1998 demet
535 1928 619 1998 vitae
651 1938 687 1996 et
719 1923 861 2023 generis
894 1920 1072 2018 dignitate
1107 1923 1337 2015 clarissimis,

357 2059 462 2145 patre
489 2044 660 2119 videlicet
688 2047 851 2143 Witgero
884 2045 1038 2134 comite,
1071 2057 1197 2116 sancto
1231 2045 1337 2135 viro,

357 2181 468 2266 atque
481 2167 707 2264 Amulberga
729 2179 845 2238 matre
866 2163 987 2237 editus
1008 2177 1076 2236 est.
1093 2167 1208 2264 Cujus
1228 2167 1340 2238 etiam

357 2301 520 2386 quatuor
535 2301 668 2359 sanctae
691 2311 831 2356 sorores
845 2277 1006 2355 suerunt
1036 2283 1114 2356 hae:
1137 2285 1338 2379 Reinildis,

358 2405 602 2500 Sarachildis,
633 2403 904 2498 Ermcnlindis,
945 2405 1152 2479 beatissima
1189 2433 1341 2508 quoque

358 2527 519 2602 Guodila
529 2583 539 2621 ,
551 2530 681 2630 junior
695 2540 818 2620 aetate,
838 2524 902 2600 sed
920 2552 996 2598 non
1009 2529 1141 2602 'minus
1155 2544 1342 2630 praestan-

360 2652 432 2721 tior
447 2652 649 2722 sanctitate.
667 2651 757 2739 Quae
774 2646 961 2746 profecto,
978 2662 1178 2749 antequam
1192 2666 1278 2724 nata
1292 2652 1340 2725 ab

359 2771 489 2870 angelo
521 2771 737 2844 beatissimas
776 2772 885 2842 matri
919 2773 1113 2862 nunciata,
1151 2772 1228 2848 dies
1254 2799 1338 2847 suos

357 2892 466 2966 bonis
485 2892 658 2992 operibus
682 2895 827 2966 vincere
846 2891 1008 2986 studuit,
1031 2895 1231 2994 multisque
1259 2900 1340 2971 vir-

360 3014 500 3087 tutibus
517 3027 553 3084 et
570 3013 774 3105 miraculis,
796 3027 839 3085 ut
860 3016 973 3113 ipsius
1000 3017 1085 3088 vitae
1104 3017 1200 3090 liber
1218 3015 1338 3090 editus

358 3137 540 3226 insinuat,
568 3137 785 3208 coruscavit.
814 3137 886 3228 Qui
907 3139 1017 3209 etiam
1043 3138 1139 3211 liber
1157 3139 1338 3212 Ableber-

359 3271 439 3329 tum
457 3255 671 3357 pontificem
688 3271 724 3330 et
749 3259 843 3330 mira
864 3262 1055 3364 sanctitate
1082 3261 1224 3335 clarum
1247 3287 1338 3362 pro-

359 3393 529 3472 testatur,
563 3394 599 3453 et
630 3388 779 3478 morum
813 3383 1041 3479 ingenuitate
1074 3387 1335 3483 conspicuum3

359 3499 462 3599 quod
485 3528 553 3574 nec
576 3498 848 3593 dubitandum,
869 3507 1073 3601 praesertim
1096 3531 1181 3578 cum
1204 3519 1338 3580 ettam

355 3623 490 3692 sanctis
513 3633 645 3692 ettam
667 3621 870 3718 magnificis
895 3623 1078 3698 natalibus
1099 3640 1237 3700 ortum.
1269 3629 1339 3699 Hic

359 3750 537 3820 nimirum
553 3748 753 3848 praelibatae
768 3754 920 3845 sororis,
938 3751 977 3824 id
991 3767 1043 3826 est
1055 3755 1226 3830 Guodilae
1237 3811 1246 3850 ,
1257 3761 1337 3857 jam

359 3869 484 3943 triduo
498 3870 650 3972 sepultae
661 3873 870 3964 ,tumulum
885 3875 1059 3948 alatrone
1075 3876 1245 3975 pestifero
1260 3881 1338 3950 vio-

358 3989 475 4064 latum
491 3991 664 4088 audiens,
688 3997 887 4094 ingemuit,
906 3997 1163 4098 latronemque
1180 3998 1337 4076 anathe-
1375 4095 1378 4098 Ι
